2454 3916
512 222 675 276 -Β-
934 195 1097 287 ἰιι

84 382 248 469 δικάζειν,
276 379 316 451 τά
346 379 377 449 δ’
403 381 563 450 ἐλάττονα
589 396 660 461 τοῖς
687 387 884 468 βουλευταῖς
912 382 1097 470 ἐπιτρέπειν

82 488 342 578 προνοούμενον
380 492 438 557 ἵνα
473 488 580 576 μηδὲν
614 493 767 575 γίγνηται
803 490 879 576 περὶ
915 486 973 568 τάς
1005 493 1099 568 δίκας

83 598 283 684 πλημμελές,
306 594 437 682 βουλήν
460 622 495 663 τε
521 594 683 681 συνάγειν
706 597 762 663 καὶ
786 599 895 683 δῆμον
919 603 1098 682 συγκαλεῖν

83 703 140 770 καὶ
172 701 311 790 γνώμης
344 701 460 788 άρχειν
494 703 551 769 καὶ
587 700 627 770 τά
663 702 808 783 δόξαντα
844 715 915 782 τοῖς
946 707 1099 770 πλείοσιν

85 811 258 877 ἐπιτελεῖν.
303 812 407 877 ταῦτα
435 809 497 895 μὲν
525 806 675 877 άπέδωκε
707 814 840 895 βασιλεῖ
868 806 908 877 τά
935 812 1017 895 γέρα
1043 810 1099 877 καὶ
1127 835 1139 875 ι

85 920 134 983 ἐτι
157 913 243 1005 πρὸς
264 913 396 994 τούτοις
414 912 599 1002 ἡγεμονίαν
621 921 709 1001 ἔχειν
729 913 958 1004 αὐτοκράτορα
980 918 1017 983 ἐν
1040 939 1100 983 πο·
1187 973 1189 976 .

84 1025 184 1114 λέμφ.
225 1026 271 1115 τῷ
297 1021 334 1089 δὲ
357 1025 525 1113 συνεδρίῳ
553 1025 611 1109 τῆς
637 1027 764 1110 βουλῆς
791 1021 890 1110 τιμὴν
918 1024 974 1091 καὶ
998 1013 1140 1090 &vva-2

86 1133 202 1197 στείαν
226 1126 373 1216 ἀνέθηκε
400 1128 551 1197 τοιάνδε·
583 1130 659 1215 περὶ
686 1128 810 1210 παντὸς
841 1128 922 1199 ὅτου
945 1125 988 1198 άν
1012 1135 1100 1217 είση-

84 1239 185 1322 γῆται
207 1232 365 1322 βασιλεύς
388 1235 624 1322 διαγινώσκειν
646 1237 755 1304 τεκαὶ
778 1240 895 1323 ψῆφον
917 1239 1100 1325 ἐπιφέρειν,

84 1342 140 1410 καί
170 1339 244 1410 ὅτι
273 1338 317 1410 άν
346 1341 426 1430 δόξη
456 1356 526 1420 τοῖς
552 1347 682 1410 πλείοσι
709 1346 809 1411 τούτο
833 1348 946 1411 νικᾶν·
984 1344 1019 1411 ἐκ
1042 1347 1101 1430 τῆς
1115 1369 1140 1408 10

86 1452 286 1535 Λακωνικῆς
308 1453 476 1528 πολιτείας
497 1449 553 1516 καὶ
576 1452 675 1517 τοῦτο
696 1448 985 1536 μετενεγκάμενος.
1020 1448 1101 1518 οὐδὲ

84 1552 150 1644 γάρ
183 1558 219 1624 οί
247 1557 526 1642 Λακεδαιμονίων
558 1560 708 1641 βασιλεῖς
740 1551 982 1645 αὐτοκράτορες
1013 1549 1100 1643 ἦσαν

86 1658 105 1728 ὅ
131 1686 163 1730 τι
190 1660 372 1747 βούλοιντο
401 1660 573 1748 πράττειν,
605 1658 679 1729 ἀλλ’
705 1658 725 1748 ἡ
754 1667 915 1750 γερουσία
943 1668 1011 1732 πᾶν
1035 1662 1101 1751 εἶχε

84 1771 154 1835 τών
177 1771 305 1837 κοινῶν
328 1765 366 1834 τὸ
389 1765 520 1856 κράτος.
561 1772 608 1859 τῷ
634 1767 670 1835 δὲ
694 1772 860 1861 δημοτικῷ
880 1767 1003 1856 πλήθει
1026 1776 1141 1858 τρία3

84 1878 191 1944 ταύια
220 1876 412 1962 ἐπέτρεψεν·
440 1872 706 1962 ἀρχαιρεσιάζειν
733 1901 768 1943 τε
794 1875 850 1942 καὶ
878 1875 1006 1962 νόμους
1033 1878 1101 1945 ἐπι·
1116 1907 1142 1949 15

31 1984 221 2068 κοσκυρούν
244 1981 300 2048 καὶ
323 1983 397 2069 περί
417 1982 565 2068 πολέμου
587 1980 835 2067 διαγινώσκειν,
859 1980 941 2051 ὅταν
965 1980 982 2051 ὁ
1006 1989 1101 2070 βασι-

85 2086 164 2167 λεύς
187 2089 263 2176 ἐφῇ,
288 2087 369 2156 οὐδὲ
391 2087 521 2156 τούτων
547 2092 658 2173 ἔχοντι
680 2085 742 2175 τὴν
766 2089 922 2170 ἐξουσίαν
945 2087 1102 2176 άυεπίλη-

85 2218 182 2280 πτον,
205 2190 250 2262 ἂν
273 2192 318 2282 μὴ
341 2196 398 2263 καὶ
419 2198 459 2283 τῇ
483 2197 590 2283 βουλῇ
608 2192 712 2263 ταύτά
733 2199 826 2284 δοκῇ.
867 2201 965 2283 ἔφερε
984 2196 1022 2264 δὲ
1039 2195 1102 2283 τὴν

85 2305 205 2390 ψῆφον
230 2299 292 2388 ούχ
314 2299 384 2387 ἅμα
406 2305 470 2380 πᾶς
493 2297 511 2369 ὁ
538 2304 652 2388 δῆμος,
671 2298 754 2368 άλλδι
773 2299 855 2369 κατά
875 2300 933 2380 τὰς
952 2302 1103 2390 φράτρας

87 2407 374 2495 συγκαλούμενος·
403 2405 422 2476 ὅ
445 2434 477 2476 τι
501 2406 538 2474 δὲ
560 2420 632 2486 ταῖς
654 2411 785 2475 πλείοσι
810 2406 916 2489 δόξειε
939 2407 1103 2496 φράτραις
1116 2439 1143 2479 20

85 2519 187 2584 τοῦτο
213 2515 266 2582 ἐπὶ
289 2512 351 2601 τὴν
375 2511 504 2601 βουλὴν
528 2511 719 2599 ἀνεφέρετο.
758 2512 812 2601 ἐφ’
832 2511 927 2600 ἡμῶν
950 2514 987 2582 δὲ
1006 2514 1102 2602 μετά-

85 2647 193 2689 κειται
220 2618 257 2689 τὸ
287 2627 379 2700 ἔθος·
418 2618 459 2688 ού
482 2618 547 2707 γάρ
576 2619 596 2707 ἡ
620 2617 727 2706 βουλὴ
750 2618 963 2706 διαγινώσκει
981 2619 1022 2690 τά
1040 2637 1103 2709 ψη-

85 2731 259 2814 φισθέντα
289 2724 357 2794 ύπδ
390 2731 451 2796 τού
484 2726 609 2814 δήμου,
642 2731 709 2795 τῶν
739 2725 771 2793 δ’
801 2724 863 2795 ὑπὸ
891 2731 950 2814 τῆς
977 2733 1103 2815 βουλῆς

84 2835 316 2921 γνωσθέντων
346 2830 364 2901 ὁ
397 2833 502 2920 δημός
531 2835 600 2901 ἐστι
628 2832 757 2920 κύριος·
789 2832 932 2923 πότερον
966 2833 1003 2902 δέ
1034 2839 1102 2903 τών

85 2943 181 3010 ἐθῶν
217 2952 384 3028 κρεῖττον,
416 2943 453 3008 ἐν
490 2945 592 3033 κοινῷ
625 2945 743 3027 τίθημι
774 2954 846 3021 τοῖς
880 2941 1103 3029 βουλομένοις
1117 2971 1143 3012 τι

85 3059 236 3116 σκοπεῖν.
282 3047 317 3113 ἐκ
346 3046 383 3114 δὲ
410 3050 468 3133 τῆς
497 3048 689 3134 διαιρέσεως
716 3045 837 3134 ταύτης
865 3045 906 3116 ού
930 3048 1039 3136 μόνον
1062 3046 1143 3118 τά4
1184 3094 1186 3098 .

83 3151 242 3223 πολιτικὰ
265 3152 441 3242 πράγματα
469 3152 650 3241 σώφρονας
680 3153 846 3241 ἐλάμβανε
872 3156 928 3223 καὶ
950 3155 1104 3242 τεταγμέ-

83 3288 150 3342 νας
173 3259 233 3339 τδις
255 3260 447 3347 διοικήσεις,
471 3257 555 3328 άλλδι
578 3262 633 3328 καί
656 3261 696 3329 τά
715 3260 876 3348 πολεμικά
899 3266 1030 3347 ταχείας
1047 3260 1103 3326 καὶ

67 3473 72 3479 ’
163 3485 481 3561 17ἐχοντίΑέγων.Β
525 3495 557 3545 18
572 3490 778 3545 ταύταΟοοετ.
789 3490 910 3558 Sylburg
947 3480 1102 3548 19άπαςΒ
