2454 3916
579 223 746 274 ..Γ-

154 389 265 466 θεοῖς,
289 377 485 468 ότιπαῖδας
508 382 639 447 ἔδωκαν
667 376 756 470 αύτῷ
784 380 945 466 γενέσθαι
967 379 1093 461 καλούς
1115 383 1170 450 καλ

154 485 321 574 ἀγαθούς·
353 491 464 555 ἔπειτα
490 483 681 573 περιλαβῶν
709 486 850 555 ἕκαστον
882 485 995 556 αύτῶν
1026 486 1171 569 καὶτὰς

155 591 294 680 ἡδίστας
315 591 464 672 ἀποδούς
490 590 675 678 ἀσπασμῶν
702 618 738 660 τε
764 592 820 660 καί
847 592 1046 680 φιλημάτων
1074 603 1171 682 φιλο-

155 699 345 788 φροσύνας,
366 697 492 787 Ἔχετ’,
524 703 604 786 ἔφη,
640 699 696 766 καὶ
731 699 794 786 τὴν
832 698 915 787 ε’μὴν
954 699 1112 788 γνῶμην,
1145 694 1171 768 ῶ

114 825 127 867 ⁵
153 811 271 889 παῖδες
293 805 434 894 ἀγαθοί,
461 808 517 875 καὶ
543 806 769 894 πορευθέντες
794 804 1026 896 ἀποκρίνασθε
1053 807 1171 900 Τύλλῳ

115 907 217 1000 ὅτήν
239 911 269 982 τ’
295 910 416 1000 εὐσεβῆ
445 913 501 980 καὶ
523 909 630 998 καλὴν
656 909 846 1000 ἀπόκρισιν.
892 915 927 981 οί
948 912 1010 1000 μὲν
1035 912 1077 1001 δὴ
1101 919 1172 1002 χαί-

154 1045 271 1108 ροντες
293 1020 346 1088 ἐπὶ
373 1022 413 1106 τῇ
440 1016 681 1106 παρακελεύσει
709 1022 772 1086 τού
794 1018 919 1108 πατρὸς
941 1017 1093 1108 ἀπῄεσαν
1116 1022 1172 1089 καί

152 1125 401 1214 προσελθόντες
436 1128 482 1217 τῷ
519 1129 653 1210 βασιλεῖ
686 1122 909 1212 ἀναδέχονται
944 1123 1006 1195 τὸν
1043 1124 1174 1214 ἀγονα,

152 1230 307 1312 κάκεῖνος
333 1233 540 1317 συγκαλέσας
568 1228 630 1318 τὴν
662 1228 792 1318 βουλὴν
823 1231 880 1299 καὶ
906 1229 1052 1313 πολλούς
1080 1230 1172 1300 ἐπαί-

113 1358 139 1398 10
153 1366 236 1420 νονς
257 1342 326 1408 τῶν
349 1342 537 1407 νεανίσκων
567 1338 769 1423 διαθέμενος
795 1334 989 1406 ἀποστέλλει
1016 1340 1173 1427 πρέσβεις

151 1444 236 1535 πρὸς
266 1444 327 1516 τόν
356 1443 521 1532 Ἀλβανὸν
552 1442 632 1524 τούς
665 1443 897 1531 δηλώσοντας,
930 1442 982 1514 ὅτι
1014 1448 1173 1533 δέχονται

147 1551 305 1640 Ῥωμαῖοι
331 1550 394 1640 τὴν
422 1554 554 1638 αἵρεσιν
586 1552 642 1619 καὶ
669 1554 869 1640 παρέξονται
896 1549 976 1632 τοὺς
998 1549 1173 1642 Ὁρατίους

152 1661 464 1748 διαγωνιουμένους
485 1656 570 1747 ὑπὲρ
592 1663 652 1746 τῆς
674 1656 786 1747 ἀρχῆς.

240 1769 363 1836 XVIII.
397 1763 615 1852 Ἀπαιτούσης
630 1793 633 1798 ·
649 1764 686 1834 δὲ
713 1769 772 1852 τῆς
799 1761 995 1844 ὑποθέσεως
1024 1764 1172 1834 καὶτὸν

111 1897 137 1938 15
151 1872 278 1962 τρόπον
313 1872 499 1952 διεξελθεῖν
531 1874 589 1958 τῆς
621 1869 726 1958 μάχης
758 1866 905 1959 ἀκριβῶς
931 1871 987 1939 καὶ
1018 1869 1059 1939 τδι
1090 1868 1171 1958 μετὰ

150 1978 276 2066 ταύτην
309 1977 477 2071 γενόμενα
512 1968 607 2064 πύθη
643 1987 837 2067 θεατρικαῖς
874 1976 1005 2047 ἐοικότα
1038 1984 1216 2066 ωριτε-454

150 2091 254 2167 τείαις
289 2085 334 2176 μὴ
371 2084 535 2176 ῥαθύμως
575 2088 726 2153 διελθεῖν
762 2083 963 2173 πειράσομαι
998 2086 1055 2153 καί
1091 2086 1168 2175 περὶ

150 2191 280 2293 τούτων
308 2193 359 2260 ἐπ’
388 2190 560 2280 ἀκριβείας
587 2192 743 2277 ἕκαστον,
771 2188 817 2271 ῶς
844 2189 906 2278 ἐμὴ
935 2190 1095 2279 δύναμις,
1123 2196 1168 2260 ε-ί

150 2302 250 2373 πεῖνλ,Ἰ
248 2296 433 2386 ἐπειδὴ
395 2325 460 2387 γαρ
481 2295 498 2366 ὁ
518 2296 642 2385 χρόνος
655 2289 736 2384 ἧκεν
755 2289 836 2366 ἐν
807 2324 833 2390 ω
856 2298 950 2378 τέλος
969 2282 1038 2366 ἔδει
1051 2303 1168 2384 λαβεῖν

110 2429 138 2471 ιο
150 2406 209 2487 τὰς
228 2403 418 2494 ὁμολογίας,
438 2403 636 2494 ἐξῄεσανὲ
595 2432 619 2492 μ
636 2431 657 2473 ν
675 2407 714 2473 αί
728 2409 798 2474 τῶν
810 2402 985 2492 Ῥωμαίων
1005 2396 1167 2492 δύναμεις

150 2515 373 2604 πανστρατιᾷ,
398 2509 537 2600 ἐξῄεσαν
563 2510 601 2578 δὲ
622 2509 704 2599 μετδι
727 2510 829 2581 ταῦθ’
851 2514 898 2580 οί
906 2515 1080 2580 νεανίσκοι
1097 2524 1168 2592 τοῖς

149 2618 317 2713 πατρχόοις
343 2627 438 2697 θεοῖς
465 2615 642 2704 εὐξάμενοι
672 2617 729 2685 καὶ
755 2621 908 2706 προῆγον
938 2615 1007 2707 ἅμα
1033 2621 1081 2709 τῶ
1109 2623 1168 2705 βα-

150 2734 239 2796 σιλεῖ
258 2724 578 2814 κατευφημούμενοί
600 2750 636 2793 τε
661 2721 728 2793 ὑπὸ
755 2722 882 2804 παντὸς
908 2728 970 2794 τού
999 2722 1083 2793 κατὰ
1105 2723 1167 2812 τὴν

149 2831 250 2902 πόλιν
284 2830 388 2920 ὄχλου
419 2832 476 2900 καὶ
506 2830 709 2919 παττόμενοι
739 2829 798 2912 τὰς
828 2830 976 2920 κεφαλὰς
1007 2830 1166 2901 ἀνθεσιν·

109 2961 136 3003 ει
150 2937 216 3027 ἤδη
256 2938 294 3006 δὲ
329 2939 386 3006 καὶ
422 2935 444 3026 ἡ
480 2942 549 3008 τῶν
582 2936 754 3024 Ἀλβανῶν
790 2937 984 3025 ἐξεληλύθει
1021 2937 1167 3027 στρατιά.

111 3043 222 3116 2ἐπεὶ
250 3045 288 3116 δὲ
314 3045 721 3135 κατεστρατοπεδεύσαντο
749 3049 894 3132 πλησίον
925 3042 1082 3132 ἀλλήλων
1113 3071 1166 3132 με-

150 3158 304 3242 ταίχμιον
333 3151 556 3240 ποιησόμενοι
587 3150 647 3222 τδν
679 3156 869 3240 διείργοντα
903 3150 964 3238 τὴν
992 3149 1166 3239 Ῥωμαίων

221 3344 417 3476 λιιεριχθαλῶν
440 3347 543 3403 Relske
622 3353 655 3402 11
675 3343 856 3437 δηλῶσαντας
872 3348 899 3400 A
972 3351 1005 3402 12
1028 3347 1167 3436 παρέξον·

149 3441 197 3476 ται
215 3421 238 3475 Β
256 3439 314 3491 παρ
332 3439 430 3490 χονται
447 3421 473 3474 Α
545 3424 579 3476 15
597 3414 633 3474 τὰ
652 3415 716 3490 μετ’
734 3413 807 3488 αύτη
796 3415 868 3473 νο.
886 3417 989 3474 Βείελισ
1062 3425 1096 3475 18
1116 3413 1164 3474 ἀπ’

150 3489 298 3564 ἀκριβείας
316 3508 370 3548 om.
385 3491 571 3563 OpraeterB
625 3496 660 3546 22
677 3490 822 3563 προσῆγον
836 3489 888 3544 ΑΒ
942 3484 1167 3559 2521B0m.R
