2454 3916
561 185 727 237 „A-

140 344 345 434 ὀργιάζουσι,
363 341 471 411 καὶτὸ
486 341 724 431 μυθευόμενον
739 340 948 427 Παλλάδιον,
963 339 982 409 ό
996 360 1082 428 φασι
1094 339 1157 422 τάς

137 449 228 540 ίερόις
250 450 433 539 φυλάττειν
455 450 651 538 παρθένους
678 451 715 517 έν
738 451 809 540 ναῷ
836 452 992 535 κείμενον
1010 444 1157 533 Ἑστίας,

138 563 224 626 ἔνθα
251 558 307 624 καὶ
338 555 376 626 τὸ
400 554 576 625 άθάνατον
601 560 795 638 διασοζεται
817 559 898 643 πύρ’
930 551 1014 643 ὑπὲρ
1042 545 1092 622 ὧν
1117 556 1157 623 έν

137 661 264 755 ὑστέρῳ
288 662 487 751 λεχθήσεται
510 661 609 753 λόγῳ.
654 671 706 748 είή
731 661 762 728 δ’
788 657 832 730 άν
859 662 915 729 καὶ
937 659 1028 750 παρά
1049 666 1158 730 ταῦτα

111 785 208 851 ιτοῖς
234 770 392 857 βεβήλοις
418 766 499 857 ἡμῖν
528 766 636 854 άδήλα
660 771 763 857 ἕτερα.
808 770 865 837 καλ
891 770 967 857 περὶ
994 768 1058 857 μὲν
1085 773 1158 838 τῶν

143 881 302 965 Τρωικῶν
326 880 427 963 ίερῶν
450 878 596 944 τοσαύτα
619 873 780 964 εἰρήσθω.

228 1005 327 1071 LXX.
361 1000 539 1069 Ἀσκανίου
572 1000 610 1068 δὲ
642 998 754 1091 όγδόφ
785 1001 841 1068 καὶ
872 1004 1056 1092 τριακοστῷ
1089 1006 1159 1071 ἔτει

139 1113 197 1195 τής
220 1111 390 1194 βασιλείας
412 1105 673 1193 τελευτήσαντος
695 1107 862 1194 παρέλαβε
885 1105 948 1194 τήν
970 1104 1159 1195 ἡγεμονίαν

141 1211 304 1293 Σιλούιος
335 1210 483 1299 ἀδελφὸς
515 1208 564 1280 τόν
589 1210 782 1298 Ἀσκανίου,
814 1211 895 1300 μετά
925 1211 986 1282 τὸν
1013 1219 1160 1284 Αἰνείου

102 1343 128 1382 10
142 1319 297 1389 θάνατον
328 1319 511 1407 γενόμενος
543 1322 578 1388 ἐκ
610 1318 749 1399 Λαύνας
778 1323 837 1406 τής
867 1325 1017 1389 Λατίνου
1048 1331 1160 1409 θνγα·

140 1425 235 1513 τρός,
262 1425 304 1495 όν
332 1446 437 1513 φασιν
465 1429 502 1494 ἐν
529 1440 600 1506 τοῖς
628 1424 744 1515 όρεσιν
766 1423 832 1495 ύπό
857 1430 926 1495 τῶν
949 1431 1083 1515 νομέων
1107 1432 1160 1499 έκ-

103 1538 123 1602 2
141 1536 320 1622 τραφήναι.
355 1537 417 1602 τού
431 1531 494 1621 γάρ
506 1531 685 1601 Ἀσκανίου
703 1535 957 1621 παραλαβόντος
978 1533 1041 1621 τήν
1063 1541 1161 1622 βασι-

142 1645 238 1709 λείαν
264 1638 421 1728 περιδεὴς
447 1636 468 1725 ἡ
493 1643 613 1707 Λαῦνα
639 1642 804 1726 γενομένη
832 1639 877 1728 μή
899 1667 931 1709 τι
960 1639 1075 1710 δεινὸν
1098 1639 1158 1713 ὑπ’

143 1745 248 1815 αύτού
275 1744 371 1833 πάθῃ
399 1743 482 1813 κατά
508 1744 547 1814 τὸ
575 1749 635 1832 τής
661 1751 824 1835 μητρυιᾶς
851 1744 974 1835 όνομα,
1003 1748 1161 1836 ἐγκύμων

104 1881 129 1922 15
145 1845 230 1923 ούσα
272 1856 414 1920 δίδωσιν
457 1851 580 1939 ἑαυτήν
620 1856 783 1945 Τυρρηνῷ
824 1880 893 1922 τινι
934 1861 1217 1942 συοφορβίυνιιε

144 1962 321 2047 ἐπιμελητῇ
350 1962 549 2045 βασιλικῶν,
577 1955 618 2027 δν
645 1957 721 2048 ήδει
745 1966 879 2052 Λατίνῳ
906 1960 1094 2048 γενόμενον
1122 1965 1162 2033 έν

143 2079 214 2145 τοῖς
237 2064 380 2153 μάλιστα
401 2063 627 2155 προσήγορον.
658 2063 675 2134 ό
692 2065 724 2133 δ’
741 2072 789 2147 είς
810 2065 894 2147 ύλας
916 2066 1061 2154 ἐρήμους
1078 2067 1163 2156 άγα-

144 2170 216 2260 γών
244 2168 349 2259 αύτήν
379 2168 424 2251 ὡς
450 2176 518 2239 τῶν
543 2176 772 2259 ἐπιτυχουσῶν
794 2200 886 2261 τινα,
910 2173 1165 2263 φυλαττόμενος

145 2278 299 2367 όφδήναι
320 2293 392 2359 τοῖς
414 2277 545 2347 είδόσιν
561 2284 698 2368 ἔτρεφεν
722 2282 760 2348 έν
784 2283 822 2368 τῇ
845 2278 936 2368 νάπῃ
958 2283 1165 2352 κατασκευά-

105 2415 132 2454 εο
146 2405 207 2466 σας
244 2394 376 2472 οίκήσιν
414 2383 455 2453 ού
491 2393 629 2465 πολλοῖς
659 2384 833 2474 γνώριμον
864 2388 920 2456 καὶ
952 2387 990 2456 τὸ
1021 2393 1165 2460 παιδίον

144 2491 332 2581 γενόμενον
360 2490 551 2581 άναιρεῖταί
575 2519 609 2562 τε
632 2494 688 2561 καὶ
710 2494 825 2580 τρέφει
848 2493 1014 2563 Σιλούιον
1038 2494 1166 2585 ὀνομά-

147 2619 207 2679 σας
233 2597 298 2668 άπὸ
327 2603 385 2685 τής
412 2598 510 2687 ύλής,
539 2598 648 2686 ὥσπερ
679 2595 723 2668 άν
747 2608 781 2667 εί
798 2626 850 2680 τις
866 2597 1003 2669 ΙΕλλάδι
1026 2602 1165 2696 γλώσσῃ

106 2707 271 2788 3λέξειεν
298 2703 442 2774 Ὑλαῖον.
487 2707 614 2794 χρόνου
647 2707 684 2774 δέ
724 2706 904 2794 προϊόντος
946 2704 992 2788 ὡς
1032 2710 1167 2800 πολλὴν

146 2810 282 2898 ζήτησιν
306 2816 392 2898 ἔγνω
416 2816 474 2899 τής
496 2811 656 2900 γυναικὸς
679 2810 745 2881 ὑπὸ
764 2817 833 2893 τῶν
848 2819 1006 2884 Λατίνων
1029 2821 1168 2907 γινομέ-

107 2937 133 2978 25
146 2945 213 3004 νήν
241 2918 297 2985 καὶ
326 2916 371 2985 δι’
398 2923 505 2998 αίτίας
532 2916 614 2988 όντα
636 2917 726 3005 παρά
748 2922 794 3011 τῷ
821 2919 946 3007 πλήθει
968 2919 1029 2990 τόν
1049 2921 1168 2995 Ἀσκά-

221 3174 234 3222 1
255 3166 474 3253 μεμυθευμένου
498 3167 520 3221 Ο
545 3184 615 3224 corr.
638 3167 781 3240 Kieesling
852 3176 868 3224 3
892 3165 1011 3237 νάξεται
1034 3172 1057 3226 Β
1132 3179 1168 3229 14

148 3305 234 3381 κατά]
254 3233 412 3364 κατὰτόΒ
491 3314 523 3362 15
547 3304 689 3380 τυράννωι
707 3312 784 3366 ΑΒκ
800 3308 938 3400 συρρηνό
957 3313 1004 3368 Bb
1030 3316 1034 3384 Ι
1060 3332 1169 3401 συφορ-

149 3381 260 3469 βίωνΒ
348 3386 380 3434 16
404 3369 445 3434 όν
468 3381 514 3435 Ba
600 3388 633 3436 20
662 3373 812 3452 οἴκησιν
794 3403 828 3453 ης
859 3379 891 3438 τό
917 3380 1169 3456 ἐγκυμονούμενον

149 3448 351 3521 άποκυησάσης
369 3445 531 3522 άναιρειται
550 3452 573 3507 0
591 3455 704 3523 μεσεύει
721 3455 744 3508 Β
821 3461 855 3510 23
874 3452 949 3521 λέξει
967 3455 1063 3512 Ba&
1031 3460 1047 3510 λ
1049 3455 1099 3527 έξη
1117 3457 1168 3514 Bb
