2454 3916
104 203 170 268 100
526 201 693 254 -Α-

103 365 194 449 γίαν,
214 358 336 441 Ἰδαῖος
353 360 415 449 μὲν
430 358 448 430 ὁ
465 358 652 450 Δαρδάνου
667 361 768 448 μέρος
785 363 844 447 τῆς
859 360 1016 447 στρατιάς
1034 361 1124 443 ἔχων

104 470 142 537 ἐν
165 482 236 548 τοϊς
259 467 385 558 όρεσιν,
409 464 511 537 δνῦν
531 465 637 536 Ἰδαῖα
651 464 702 535 άτά
720 469 852 536 ἐκείνου
874 466 1015 551 λέγεται,
1034 467 1126 531 ἔνθα

104 577 204 664 μητρὶ
240 580 334 644 θεῶν
373 574 466 663 ἱερὸν
504 573 730 664 ἱδρυσάμενος
766 573 865 663 όργια
900 573 956 641 καὶ
990 569 1127 652 τελετάς

104 680 342 769 κατεστήσατο,
366 688 405 750 αἳ
432 683 488 750 καὶ
510 685 559 762 εἰς
580 680 659 750 τόδε
682 681 811 771 χρόνου
834 680 1056 767 διαμένουσιν
1085 680 1127 748 ἐν

77 785 216 877 εάπάση
242 794 392 880 Φρυγίᾳ·
426 789 608 878 Δάρδανος
632 786 663 855 δ’
690 791 727 857 ἐν
758 791 799 878 τῇ
832 788 1024 876 καλουμένη
1056 789 1127 854 νῦν

110 894 243 984 Τρωάδι
266 894 368 964 πόλιν
392 892 576 983 ὁμώνυμον
600 893 689 987 αὑτῷ
712 894 978 980 κατασκευάσας,
1002 892 1129 972 δόντος

108 1001 197 1095 αὐτῷ
225 1000 266 1070 τά
293 1008 399 1092 χωρία
432 1001 582 1090 Τεύκρου
608 1004 789 1090 βασιλέως,
821 1000 880 1090 ἀφ’
912 993 953 1070 οὗ
985 1000 1128 1088 Τευκρὶς

68 1108 145 1177 ὅτὸ
176 1108 318 1197 άρχαϊον
348 1108 368 1196 ἡ
393 1114 434 1196 γη
466 1111 614 1196 ἐλέγετο·
645 1113 767 1178 τοῦτον
795 1108 833 1177 δὲ
863 1107 960 1177 ἄλλοι
982 1133 1018 1175 τε
1044 1114 1128 1175 πολ-

107 1217 162 1284 λοὶ
184 1217 240 1283 καὶ
266 1215 470 1305 Φανόδημος
494 1214 511 1284 ὁ
534 1214 597 1303 τὴν
616 1215 767 1304 Ἀττικὴν
789 1215 922 1307 γράψας
947 1213 1128 1304 ἀρχαιολο-

68 1342 95 1380 1⁰
107 1328 187 1409 γίαν
211 1324 247 1391 ἐκ
269 1326 328 1409 τῆς
348 1321 494 1409 Ἀττικης
510 1309 714 1410 μετοικῆσαί
729 1343 835 1410 φασιν
858 1328 906 1403 εἰς
927 1321 989 1410 τὴν
1009 1320 1134 1391 Ἀσίαν

107 1428 218 1517 δήμου
232 1432 442 1510 Ξυπεταιέως
464 1428 612 1518 άρχοντα
634 1432 690 1498 καὶ
712 1428 819 1500 πολλὰ
841 1431 1045 1520 παρέχονται
1064 1433 1128 1498 τοῦ

105 1534 211 1623 λόγου
234 1536 404 1625 τεκμήρια.
432 1536 646 1624 κρατήσαντα
670 1537 708 1605 δὲ
730 1536 841 1627 χάρας
863 1540 989 1624 συχνῆς
1010 1537 1128 1604 τεκαὶ

105 1639 238 1729 ἀγαθῆς
274 1644 330 1710 καὶ
367 1641 409 1712 οὐ
439 1642 527 1712 πολὺ
562 1641 599 1712 τὸ
634 1642 814 1733 ἐπιχώριον
851 1642 992 1730 ἐχούσης
1026 1645 1129 1729 γένος

106 1747 262 1835 άσμένως
279 1747 341 1818 τὸν
356 1748 543 1838 Δάρδανον
568 1753 655 1819 ἰδεῖν
677 1749 794 1820 καὶτὸ
819 1747 883 1819 σὺν
906 1747 996 1843 αὐτῷ
1015 1765 1176 1839 παρα-161

68 1870 94 1911 1⁵
108 1852 294 1941 γενόμενον
317 1853 538 1944 Ἑλληνικόν,
565 1861 634 1926 τῶν
656 1883 692 1926 τε
718 1855 802 1947 πρὸς
827 1855 907 1938 τοὺς
933 1855 1132 1946 βαρβάρους

108 1964 265 2048 πολέμων
289 1968 477 2050 συμμαχίας
500 1965 597 2032 ἕνεκα
619 1966 676 2033 καὶ
698 1969 757 2032 ἴνα
779 1962 800 2052 ἡ
824 1968 866 2052 γῆ
882 1963 926 2052 μὴ
949 1955 971 2054 ᾖ
996 1969 1131 2053 ἔρημος.

175 2069 276 2135 LXII.
296 2066 445 2137 Ἀπαιτεῑ
467 2068 505 2137 δὲ
529 2067 546 2138 ὁ
570 2071 671 2157 λόγος
692 2069 831 2140 καὶτὸν
854 2075 997 2139 Αἰνείαν
1020 2071 1055 2152 ἐξ
1080 2061 1131 2140 ὧν

109 2179 174 2261 ἔφυ
212 2170 459 2261 διηγήσασθαι·
496 2181 635 2267 βραχείᾳ
673 2176 714 2264 δὴ
751 2178 808 2246 καὶ
842 2180 944 2246 τοῦτο
981 2175 1130 2263 δηλεόσει

109 2285 257 2369 σημανῶ.
304 2281 488 2371 Δάρδανος
518 2281 632 2370 ἐπειδὴ
662 2283 803 2374 Χρύσην
832 2282 895 2371 την
926 2282 1132 2366 Πάλλαντος

69 2391 296 2479 20θυγατέρα,
325 2391 358 2472 ἐξ
385 2380 425 2476 ἧς
453 2392 489 2457 οἱ
512 2379 670 2480 πρότεροι
697 2395 815 2471 παῖδες
837 2393 994 2478 ἐγένοντο
1024 2389 1131 2484 αὐτῷ,

109 2500 303 2585 τελευτῆσαι
341 2499 523 2584 συνέπεσε,
560 2497 706 2566 Βάτειαν
743 2512 843 2587 γαμεῖ
876 2496 940 2584 τὴν
976 2497 1132 2586 Τεύκρου

109 2605 296 2691 θυγατέρα·
319 2605 376 2671 καὶ
389 2610 518 2691 γίνεται
531 2619 609 2685 παῖς
623 2603 712 2697 αὐτῷ
725 2602 948 2692 Ἐριχθόνιος,
971 2600 1009 2684 ὃς
1021 2601 1135 2673 ἁπάν-

109 2735 178 2777 των
202 2706 397 2797 άνθράποιν
421 2709 721 2800 εὐδαιμονέστατος
738 2712 868 2797 λέγεται
885 2712 1048 2797 γενέσθαι
1071 2715 1136 2800 τῆς

110 2840 146 2882 τε
173 2812 328 2906 πατρῴας
355 2816 411 2882 καὶ
438 2820 496 2902 τῆς
524 2816 589 2886 ὑπὸ
613 2822 658 2910 τῷ
688 2815 916 2906 μητροπάτορι
943 2821 1136 2906 γενομένης

141 3092 149 3114 ‚
176 3032 200 3109 “5
218 3020 358 3097 *πάσηΟ
431 3023 539 3083 6αὖτῶ
558 3029 606 3084 Bb
622 3029 736 3118 Sauppe
750 3027 822 3100 Eph.
842 3029 919 3086 Gott.
936 3036 1004 3086 1861
1019 3037 1137 3100 ρ,1869

112 3117 189 3152 αυτοο
213 3097 292 3151 ABa
365 3104 398 3153 10
417 3083 544 3169 φησινδδ
618 3107 649 3154 11
670 3104 763 3171 δημου
781 3103 807 3156 Α
826 3101 1139 3172 οιιι.Β1ξυπεταιὲως

113 3170 226 3240 (Dmg)
249 3167 295 3223 vel
323 3169 536 3234 ξυπεταιαυέως
563 3171 687 3244 Sylburg
710 3171 831 3244 Sauppe,
858 3173 931 3242 Eph.
959 3172 1039 3228 Gott.
1062 3181 1136 3232 1861

112 3314 139 3365 p.
160 3299 228 3350 1862
250 3289 438 3360 ἔξυπεταιέως
455 3295 478 3348 Β
498 3259 672 3362 ἕξντάταιέως
686 3299 711 3353 Α
727 3297 732 3368 l
747 3295 948 3367 παρέχονταΑ
1011 3305 1047 3354 21
1070 3318 1139 3358 συν-

113 3365 196 3422 έπεσε
224 3365 388 3434 τελευτῆσαι
411 3366 434 3419 Β
468 3369 471 3434 Ι
511 3362 629 3440 βάτειαυ
651 3371 677 3424 Α
717 3368 829 3439 Sauppe
856 3368 928 3439 Eph.
957 3367 1036 3426 Gott.
1064 3378 1139 3430 1861

114 3456 142 3507 p.
163 3443 231 3494 1863
252 3438 354 3508 βατίαν
372 3437 395 3491 Β
