2454 3916
460 212 665 269 .-Β-

32 367 142 439 ,κιτὸν
166 367 296 457 θυρεὸν
318 369 401 438 κατά
423 375 483 456 τῆς
510 370 613 458 κόρης
640 372 693 439 καὶ
719 386 789 450 τοῖς
812 370 928 452 ἀλλοις
950 396 1091 462 παρακε-

76 475 265 544 λεύσασθαι
293 476 394 546 ταύτὸ
423 493 544 546 ποιεῖν.
591 477 677 546 οῦτω
707 477 749 565 δη
771 482 985 566 βαλλομένην
1008 480 1091 547 πάν-

76 593 181 651 τοθεν
204 582 266 670 τὴν
293 583 462 671 Τάρπειαν
486 581 551 652 ὑπὸ
573 584 728 672 πλήθους
749 611 784 653 τε
806 585 862 653 καὶ
886 584 1000 671 ἰσχύος
1022 591 1091 654 τῶν

77 694 214 776 πληγῶν
238 705 351 758 πεσεῖν
372 693 428 758 καὶ
449 700 760 778 περισωρευθεῖσαν
781 688 846 758 ὑπὸ
865 694 933 759 τῶν
952 697 1091 780 θυρεῦν

77 795 276 865 ἀποθανεῖν.
314 802 349 865 ολ
370 797 407 865 δὲ
430 799 505 886 περὶ
528 797 589 866 τδν
607 798 737 884 Φάβιον
761 799 814 866 ἐπὶ
836 811 907 878 τοῖς
927 804 1092 885 Σαβίνοις

77 908 214 974 ποιοῦσι
236 903 385 992 τὴντῶν
406 902 596 992 ὁμολογιῶν
619 903 763 991 ἀπάτην·
788 907 868 975 δέον
886 903 950 993 γάρ
970 904 1092 986 αὐτοῦς

77 1011 138 1081 τὸν
162 1012 307 1099 χρυσόν,
333 1010 443 1099 ὥσπερ
466 1010 493 1111 λη
516 1011 662 1099 Τάρπεια
685 1010 797 1099 ἠξίου,
826 1010 909 1080 κατά
931 1011 990 1093 τάς
1013 1010 1092 1100 ὁμο-

78 1125 193 1205 λογίας
230 1116 449 1204 ἀποδιδόναι,
485 1124 748 1204 χαλεπαίνοντας
784 1119 837 1187 ἐπὶ
873 1123 918 1212 τῷ
957 1122 1092 1206 μεγέθει

78 1230 138 1293 τοῦ
170 1230 299 1313 μισθοῦ
330 1224 371 1293 τά
404 1225 626 1312 σκεπαστήρια
657 1224 729 1293 κατ’
756 1223 858 1312 αὐτῆς
884 1230 1017 1311 βαλεῖν,
1048 1224 1093 1306 ὡς

77 1336 181 1401 ταῦτα
201 1330 256 1400 ὅτε
276 1330 437 1418 ὤμνυσαν
457 1330 540 1420 αὐτῇ
565 1330 688 1399 δώσειν
706 1328 967 1417 ὑπεσχημένους.
1005 1338 1091 1401 έοικε
1107 1359 1132 1399 lo

79 1438 117 1506 δὲ
148 1437 189 1505 τά
221 1436 302 1525 μετὰ
333 1443 438 1506 ταῦτα
470 1438 636 1525 γενόμενα
668 1436 730 1524 την
763 1444 939 1517 Πείσωνος
970 1436 1092 1526 ἀληθε-

78 1547 200 1632 στέραν
223 1557 332 1611 ποιεῖν
354 1541 570 1631 [ἀπόκρισιν].
606 1543 719 1632 τάφου
736 1542 853 1630 τεγάρ
874 1549 960 1611 ἔνθα
975 1549 1091 1614 ἔπεσεν
1110 1545 1131 1610 3

78 1650 216 1738 ἠξίωται
238 1649 299 1718 τὸν
323 1648 505 1737 ἱερώτατον
533 1655 592 1738 τῆς
614 1650 742 1730 πόλεως
763 1653 947 1736 κατέχουσα
970 1652 1091 1739 λόφον,

77 1758 133 1826 καί
156 1755 237 1844 χοάς
260 1754 343 1845 αὐτῇ
362 1754 519 1845 Ῥωμαῖοι
542 1755 621 1824 καθ’
643 1760 784 1826 ἕκαστον
807 1755 964 1826 ἐνιαυτὸν
988 1760 1091 1827 ἐπιτε-

38 1879 44 1887 ’
78 1869 187 1949 λοῦσι,
211 1865 311 1953 (λέγω
336 1862 373 1931 δὲ
395 1859 417 1930 ἀ
441 1869 577 1932 Πείσων
600 1863 738 1954 γράφει)
762 1856 811 1934 ἀν
840 1863 982 1944 οὐδενὸς
1004 1864 1092 1947 είκδς
1107 1889 1131 1930 15

79 1969 204 2058 αὐτήν,
237 1974 268 2037 εί
298 1972 510 2056 προδιδοῦσα
547 1969 609 2058 την
641 1974 785 2058 πατρίδα
821 1985 891 2051 τοῖς
922 1978 1093 2060 πολεμίοις

78 2077 269 2161 ἀπέθανεν,
304 2074 380 2144 οῦτε
410 2075 499 2164 παρὰ
531 2081 599 2145 τῶν
627 2079 871 2163 προδοθέντων
900 2076 977 2147 οῦτε
1002 2077 1092 2166 παρά

77 2189 146 2253 τῶν
169 2182 440 2252 ἀποκτεινάντων
463 2198 593 2270 τυχεῖν,
621 2181 785 2252 ἀλλὰκαὶ
812 2193 847 2252 εί
869 2210 901 2253 τι
929 2190 1091 2266 λείψανον

32 2291 186 2379 ῑὲἳαῦτῆς
212 2282 256 2378 ἦν
279 2294 340 2358 τοῦ
369 2290 521 2378 σώματος
548 2289 743 2377 ἀνασκαφὲν
772 2292 832 2371 ἔξω
862 2293 1003 2377 βιφῆναι
1027 2289 1091 2358 σὺν

78 2398 189 2489 χρόνῳ
218 2395 329 2482 φόβου
360 2423 396 2464 τε
422 2398 478 2465 καὶ
509 2395 698 2484 ἀποτροπῆς
728 2398 824 2464 ἕνεκα
853 2399 922 2464 νῦν
952 2395 1091 2484 μελλόν-
1105 2421 1133 2461 νο

77 2532 146 2575 των
169 2501 209 2573 τά
234 2501 334 2589 ὅμοια
359 2506 455 2590 δρῦν.
501 2501 574 2571 ἀλλ’
600 2500 683 2589 ὑπὲρ
713 2501 774 2589 μὲν
797 2501 927 2571 τούτων
950 2505 1091 2592 κρινέτω

77 2638 128 2690 τις
150 2607 195 2690 ὦς
216 2608 382 2696 βούλεται.

102 2741 125 2774 ³
167 2719 315 2784 XXXXI.
345 2714 382 2783 ‘0
405 2716 443 2785 δὲ
470 2716 589 2796 Τάτιος
615 2717 671 2785 καί
696 2720 730 2784 οί
751 2722 898 2803 Σαβῖνοι
921 2720 1091 2804 φρουρίου

77 2823 255 2911 γενόμενοι
287 2828 450 2911 καρτεροῦ
481 2823 594 2912 κύριοι
620 2823 675 2891 καὶ
702 2822 742 2891 τά
769 2831 905 2892 πλεῖστα
932 2827 992 2910 τῆς
1013 2819 1091 2891 Ῥω-

1110 766 1131 830 2

1118 853 1131 894 5

150 2985 269 3039 2τοῦτο
288 2982 310 3038 Ο
331 3001 399 3039 corr.
419 2982 541 3054 Sylburg
604 2981 690 3039 στὸν
709 3001 763 3039 om.
782 2986 808 3038 A
826 2968 918 3038 τόνΒ
986 2981 1088 3056 9βάλ-

78 3057 178 3111 λεινΟ
208 3071 277 3110 corr.
301 3055 404 3110 Reioke
496 3061 528 3109 12
554 3050 729 3122 *ἀπόκρισιν
758 3055 780 3110 0
809 3055 912 3110 Reisko
939 3054 969 3108 in
996 3053 1091 3111 indice

76 3130 145 3183 tom.
166 3127 205 3181 VI
225 3143 246 3180 ε.
262 3145 287 3180 v.
307 3121 456 3196 ἀπόκρισις
475 3127 538 3181 add.
558 3143 609 3196 pro
621 3120 805 3196 ’ἀπόφανσιςς
825 3121 972 3194 ἀπόφασις
990 3127 1091 3194 postea

76 3199 107 3254 L.
128 3197 249 3253 Dindorf
265 3197 361 3266 Steph.
381 3215 401 3252 s.
416 3216 443 3252 v.
463 3192 618 3266 ἀπόκρισις,
638 3196 761 3252 Sintenis
771 3198 833 3252 Em.
848 3197 929 3251 Dion.
946 3196 986 3248 III
1002 3213 1029 3265 p.
1047 3202 1090 3265 17,

78 3268 168 3324 Cobet
187 3268 252 3323 Obo.
271 3287 298 3337 p.
318 3275 353 3324 48
373 3268 500 3323 Hertlein
519 3269 635 3324 Hermes
654 3269 679 3322 X
701 3287 729 3338 p.
748 3275 814 3336 4103
838 3283 883 3322 mo
907 3266 999 3320 iudice
1018 3262 1089 3319 ἀτό-

77 3359 170 3410 κρισιυ
189 3340 341 3394 delendum
360 3342 412 3408 est,
426 3339 594 3408 praesertim
613 3357 676 3395 oum
695 3340 845 3395 collocatio
859 3337 935 3395 voois
953 3336 1020 3390 ferri
1033 3353 1091 3392 non

77 3411 168 3483 μοεοὶῖ
239 3418 274 3466 20
292 3411 454 3480 προτροπῆς
473 3410 496 3465 Ο
516 3429 585 3467 oorr.
601 3411 761 3481 Stephanus
833 3415 867 3464 22
886 3406 1004 3476 κρινέτω
1025 3405 1090 3461 ἕκα-

78 3503 141 3546 στος
161 3477 198 3545 ῦς
217 3499 241 3536 ο.
260 3482 433 3552 Grasberger
450 3480 526 3538 Teos.
544 3483 659 3552 Herbip.
678 3501 706 3552 p.
727 3487 760 3536 13
832 3486 867 3534 23
885 3485 960 3540 τῐτος
977 3477 1000 3530 Β

870 3563 931 3621 14*
