2454 3916
137 224 180 288 70
563 226 726 278 -A-

135 411 204 470 χει,
245 380 266 471 ἢ
309 385 364 451 καί
410 388 475 453 νῦν
516 381 581 451 ὑπὸ
619 381 792 471 Ῥωμαίων
835 386 1016 471 οἰκουμένη
1060 386 1153 465 Νέας

135 488 273 569 Πόλεως
304 492 360 557 καὶ
392 495 571 578 Πομπηίας
603 492 640 558 έν
677 480 766 582 μέσῷ
802 503 907 558 κεῖται
944 493 1083 578 λιμένας
1115 494 1152 562 έν

133 597 234 664 παντί
266 601 370 688 καιρῷ
399 603 557 683 βεβαίους
590 602 731 684 ἔχουσα,
765 597 864 685 δόξης
895 624 930 667 τε
961 599 1018 666 καὶ
1051 596 1154 686 ζήλου

133 704 189 771 καὶ
211 707 319 790 τιμῷν
348 706 495 772 ίσοθέων
523 702 613 792 παρά
635 708 716 772 πᾶσι
739 719 810 785 τοῖς
833 709 989 773 οἰκοῦσιν
1012 707 1050 773 έν
1071 703 1154 773 Ἰτα-

93 771 190 901 ξλίᾳ
212 809 324 898 τυχὼν
347 809 475 898 ἀπῆρεν
499 815 546 890 είς
564 817 733 879 Σικελίαν.
764 815 800 879 οί
821 810 858 879 δέ
871 813 1155 898 καταλειφθέντες

132 914 189 986 ὑπ’
215 915 321 985 αὐτοῦ
345 916 491 1003 φρουροὶ
513 917 570 984 καὶ
591 915 921 1004 οίκήτορες-Ἰταλίας
939 920 975 985 οί
994 918 1071 1001 περὶ
1090 916 1154 986 τὸν

132 1023 326 1110 Σατόρνιον
360 1021 467 1109 ὄχθον
501 1025 678 1110 ἱδρυμένοι
709 1024 791 1102 τέως
822 1022 884 1110 μέν
917 1022 1153 1093 ἐπολιτεύοντο

132 1127 215 1197 καθ’
249 1126 405 1216 ἑαυτοὺς,
433 1128 545 1218 χρόνῳ
575 1126 610 1195 δ’
640 1127 783 1218 ὕστερον
808 1127 849 1198 οὐ
877 1134 992 1222 μακρῷ
1017 1128 1154 1198 δίαιτάν

132 1262 167 1304 τε
189 1236 245 1302 καὶ
269 1234 399 1322 νόμους
421 1236 476 1303 καὶ
498 1239 592 1302 θεῶν
617 1235 689 1324 ίερδι
709 1237 992 1323 συνενεγκάμενοι
1007 1235 1049 1305 τά
1073 1239 1154 1324 σφέ-

94 1374 120 1413 10
134 1369 212 1430 τερα
244 1356 315 1420 τοῖς
338 1340 558 1429 Ἀβοριγίνων
593 1340 703 1430 ὥσπερ
728 1340 884 1431 Ἀρκάδες
909 1342 965 1410 καί
994 1347 1043 1410 ἔτι
1070 1342 1154 1431 πρό-

132 1477 230 1538 τερον
254 1449 425 1535 Πελασγοὶ
453 1447 582 1528 πόλεώς
607 1475 642 1516 τε
664 1453 723 1535 τῆς
746 1447 848 1535 αὐτῆς
875 1462 946 1528 τοῖς
964 1446 1152 1536 Ἀβοριγῖσι

132 1555 401 1644 κοινωνήσαντες
424 1557 616 1642 συνέβησαν
631 1552 810 1643 ὁμοεθνεῖς
823 1559 1029 1641 νομίζεσθαι.
1051 1553 1151 1642 Ἡρα-

133 1665 251 1742 κλέους
289 1662 351 1750 μέν
388 1660 429 1749 δὴ
467 1666 639 1748 στρατείας
668 1664 744 1746 πέρι
775 1662 830 1729 καί
859 1667 1151 1748 Πελοποννησίων

134 1766 308 1856 ὑπομονῆς
331 1770 368 1837 έν
389 1767 522 1858 Ἰταλία,
544 1771 691 1836 τοσαῦτα
714 1767 873 1854 είρήσθω.
1157 1776 1205 1827 1Ῑῖ

202 1876 354 1964 Αευτέρα
377 1872 409 1943 δ’
439 1872 584 1962 ὕστερον
616 1878 715 1965 γενεᾷ
747 1872 828 1961 μετά
856 1873 920 1962 τὴν
947 1870 1155 1961 Ἡρακλέους

134 1979 299 2069 άπαρσιν,
332 1985 396 2049 έτει
429 1980 467 2047 δδ
498 1983 633 2070 πέμπτῳ
665 1981 720 2047 καὶ
752 1983 963 2072 πεντηκοστῷ
997 1980 1153 2069 μάλιστα,

135 2084 180 2167 ὡς
202 2085 299 2155 αὐτοὶ
316 2084 473 2174 Ῥωμαῖοι
496 2088 644 2171 λέγουσι,
667 2083 825 2172 βασιλεὺς
847 2085 909 2174 μὲν
929 2084 1154 2174 Ἀβοριγίνων

133 2186 178 2281 ἦν
202 2200 347 2273 Λατῖνος
371 2190 558 2277 ὁΦαόνου,
582 2191 684 2278 γόνος
709 2192 746 2260 δὲ
764 2190 976 2281 Ἡρακλέους,
999 2196 1154 2282 πέμπτον
1184 2264 1189 2279 ,

135 2301 173 2369 δέ
195 2301 250 2368 καί
273 2298 471 2385 τριακοστὸν
495 2304 567 2379 έτος
592 2304 677 2386 ἔχων
695 2297 757 2386 τὴν
780 2297 897 2387 ἀρχήν.

93 2450 121 2489 20
199 2410 364 2475 XXXXV.
400 2404 495 2476 Κατὰ
527 2407 564 2475 δέ
591 2404 652 2475 τὸν
680 2405 808 2494 χρόνον
834 2410 958 2474 τοῦτον
986 2411 1096 2494 Τρῶες
1120 2412 1157 2477 οί

135 2515 199 2584 σὺν
223 2520 343 2604 Αίνείηι
372 2514 596 2601 διαφυγόντες
623 2515 656 2595 ἐξ
681 2511 783 2580 Ἰλίου
810 2516 868 2599 τῆς
895 2512 1023 2592 πόλεως
1050 2510 1154 2582 ἆλοό-

135 2643 195 2709 σης
216 2624 378 2707 κατέσχον
402 2624 449 2700 είς
463 2620 655 2707 Λωρεντόν,
679 2617 835 2706 αίγιαλὸν
855 2616 1077 2707 Ἀβοριγίνων
1098 2621 1154 2688 έπὶ

94 1933 120 1973 15

133 2731 178 2820 τῷ
208 2728 404 2816 Τυρρηνικῷ
432 2725 566 2812 πελάγει
589 2731 760 2813 κείμενον,
789 2722 830 2792 οὐ
858 2724 973 2812 πρόσω
1001 2729 1071 2795 τῷν
1099 2728 1149 2795 έκ

134 2836 247 2919 βολῶν
273 2835 334 2900 τοῦ
363 2834 534 2920 Τεβέριος·
562 2831 723 2918 λαβόντες
750 2830 787 2899 δέ
815 2829 904 2915 παρὰ
932 2836 1002 2900 τῷν
1022 2829 1154 2922 Ἀβορι-

207 2987 355 3058 ΙὴΑΒο,
374 2984 391 3060 ἣ
410 2992 546 3059 ΒοΙνῦν
566 3008 620 3045 om.
640 2990 768 3060 ΑΙνέας
791 2986 899 3054 πόλεως
917 2992 964 3046 Bb
984 3009 1038 3046 om.
1059 2993 1154 3062 spatio

135 3080 224 3119 vacuo
243 3063 320 3117 ΑΒο
392 3069 408 3117 2
427 3068 520 3116 κεῖται
539 3062 655 3132 λιμένας
666 3078 690 3118 ο.
700 3062 858 3118 ΒθοΙωΙοτ.
877 3104 904 3119 ..
923 3105 929 3117 .
945 3105 951 3117 .
970 3065 1090 3125 νας-Αε
1108 3065 1156 3119 Ba

134 3133 251 3205 κειμένη
271 3132 386 3204 λιμένας
404 3133 451 3187 Bb
479 3132 595 3203 λιμένας
613 3134 661 3189 Ab
734 3139 749 3187 3
774 3134 907 3205 βεβαίους
932 3131 1035 3203 ἔχουσα
1053 3134 1100 3187 Bb
1123 3135 1154 3190 in

135 3205 228 3276 spatio
249 3213 280 3259 13
300 3205 355 3260 litt.
389 3206 525 3277 βεβαι...
544 3203 591 3259 Aa
624 3205 741 3277 βεβαίας
771 3201 873 3273 ἔχουσα
899 3205 946 3259 Ab
1028 3206 1154 3276 λειμών

135 3275 259 3333 ίσοθέων
274 3276 321 3330 Bb
339 3277 535 3346 τιμῶν...Βο
553 3278 752 3344 τιμωρ...Αα
775 3277 909 3346 τιμωρίας
927 3276 975 3331 Ab
1001 3279 1005 3342 1
1030 3276 1080 3330 καί
1097 3296 1154 3330 πα-

135 3347 170 3419 ρὰ
191 3349 243 3403 AB
324 3346 436 3403 8δὲΑ
519 3354 551 3400 13
571 3348 718 3414 στρατείας
736 3348 782 3401 Bb
811 3347 942 3416 στρατιάς
959 3347 1036 3401 ΑΒιι
1119 3353 1153 3401 14

134 3421 252 3476 τοιαῦτα
271 3419 323 3474 ΑΒ
351 3435 421 3474 corr.
449 3417 551 3472 Reiske
633 3424 665 3472 19
689 3416 763 3472 δὲΒ
792 3434 845 3472 om.
869 3419 895 3472 R
924 3422 927 3488 Ι
959 3415 1022 3481 ἔτος
1049 3435 1103 3474 om.
1128 3420 1152 3474 A

133 3497 171 3549 24
193 3490 314 3565 τιβέριος
332 3491 355 3545 Β
