2454 3916
563 221 730 272 „1⁸-

139 378 319 468 ἐλῄστευον
352 375 416 464 γὰρ
450 381 485 445 οί
514 377 683 465 Τυρρηνοὶ
712 375 791 457 τοὺς
820 376 988 465 ἐμπόρους
1019 375 1156 446 ἅπασαν

100 488 121 552 2
140 485 332 571 κατέχοντες
353 482 417 570 τήν
441 485 593 553 ἐπέκεινα
609 488 672 552 τοῦ
690 487 842 571 ποταμοῦ
865 483 991 572 χώραν·
1014 485 1073 553 καὶ
1093 482 1157 571 τήν

141 594 280 679 ξυλίνην
302 593 471 679 γέφυραν,
493 588 538 678 ἣν
560 589 645 658 ἄνευ
667 595 792 678 χαλκοῦ
814 591 871 659 καί
894 591 1039 680 σιδήρου
1063 594 1158 660 δεδέ-

141 707 224 766 σθαι
246 701 345 786 θέμις
367 696 424 766 ὑπ’
449 696 562 767 αὐτόν
591 698 881 786 διακρατουμένην
902 700 972 765 τῶν
996 698 1158 783 ξυλίνων,

114 806 269 886 τέκεῖνος
301 807 469 874 ἐπιθεῖναι
501 808 546 896 τῷ
579 805 712 891 Τεβέρει
739 805 884 891 λέγεται,
913 799 957 892 ἣν
988 801 1067 893 όιχρι
1094 805 1157 871 τοῦ

140 915 308 1000 παρόντος
354 910 639 998 διαφυλάττουσιν
687 909 782 1000 ίερδιν
825 909 913 979 εἶναι
953 915 1158 997 νομίζοντες.

141 1021 173 1085 εί
195 1019 235 1086 δέ
255 1043 287 1083 τι
312 1015 491 1102 πονήσειεν
515 1014 617 1102 αὐτῆς
639 1017 739 1104 μέρος
768 1019 804 1085 οί
831 1015 1031 1103 ἱεροφάνται
1055 1026 1157 1105 θερα-

140 1122 280 1191 πεύουσι
307 1129 432 1202 θυσίας
452 1121 546 1202 τινας
570 1125 796 1203 ἐπιτελοῦντες
816 1120 885 1209 ἅμα
906 1126 947 1210 τῇ
965 1126 1154 1211 κατασκευῇ

101 1233 123 1297 3
142 1236 311 1317 πατρίους.
355 1232 461 1298 ταῦτα
484 1230 750 1317 διαπραξάμενος
778 1229 831 1297 ἐπὶ
853 1233 913 1317 τής
935 1231 1024 1309 ἰδίας
1048 1227 1204 1317 άρχήςοει

103 1335 162 1405 ιοό
186 1334 343 1424 βασιλεὺς
372 1327 471 1415 οὗτος
498 1339 646 1421 ίστορίας
672 1333 749 1416 άξια
777 1338 834 1403 καὶ
856 1335 918 1421 τήν
936 1333 1069 1422 Ῥοόμην
1094 1334 1159 1405 οὐκ

143 1439 246 1534 ὀλίγῳ
269 1450 442 1532 κρείττονα
470 1440 643 1529 παραδοὺς
669 1442 747 1530 τοῖς]
765 1443 1011 1529 ἐπιγινομένοις
1033 1433 1075 1529 ἧς
1098 1441 1158 1511 αὐ-

140 1547 198 1629 τὸς
219 1552 423 1637 παρέλαβεν,
447 1555 501 1636 ἐτη
525 1550 663 1637 τέτταρα
684 1546 769 1635 πρὸς
791 1563 861 1629 τοῖς
883 1558 989 1617 είκοσι
1010 1547 1074 1635 τήν
1098 1554 1157 1635 βα-

143 1662 272 1724 σιλείαν
298 1654 473 1744 κατασχὼν
500 1653 710 1742 ἀποθνήσκει
737 1655 801 1724 δύο
828 1653 1020 1724 καταλιπόν
1047 1657 1158 1742 υίούς,

142 1760 203 1830 τὸν
227 1762 289 1851 μὲν
318 1768 366 1830 ἐτι
393 1767 497 1831 παῖδα
523 1760 586 1848 τήν
614 1760 758 1849 ἡλικίαν,
781 1760 842 1830 τὸν
868 1760 906 1830 δὲ
927 1762 1159 1852 πρεσβύτερον

104 1894 130 1934 ιε
145 1866 266 1951 άρτίως
288 1872 478 1955 γενειῶντα.
793 1955 796 1959 ¹

232 1977 413 2042 XXXXVI.
449 1974 546 2044 Μετὰ
575 1975 613 2043 δέ
634 1974 694 2043 τὸν
707 1972 836 2061 ’Ἄγκου
859 1980 1018 2063 Μαρκίου
1048 1976 1159 2044 θάνα-
1185 1967 1193 1982 ’

143 2107 205 2149 τον
227 2079 248 2168 ή
272 2079 379 2169 βουλή
402 2081 504 2150 πάλιν
524 2083 762 2168 ἐπιτρέψαντος
780 2080 864 2171 αὐτῇ
887 2085 949 2151 τοῦ
969 2082 1083 2170 δήμου
1100 2108 1158 2152 πο-

144 2193 270 2256 λιτείαν
299 2185 343 2274 ἣν
372 2187 530 2278 ἐβούλετο
559 2186 834 2274 καταστήσασθαι
865 2189 980 2275 μένειν
1013 2190 1067 2258 ἐπὶ
1100 2193 1159 2275 τής

101 2322 104 2327 ·
144 2292 247 2383 αὐτῆς
284 2298 370 2381 ἔγνω
406 2295 462 2362 καὶ
499 2291 717 2362 ἀποδείκνυσι
753 2299 992 2380 μεσοβασιλεῖς.
1049 2299 1087 2364 οί
1122 2295 1160 2364 δὲ

104 2424 131 2464 20
145 2400 394 2489 συναγαγόντες
425 2405 472 2480 είς
504 2399 718 2488 ἀρχαιρεσίας
749 2399 787 2468 τό
820 2404 951 2488 πλῆθος
981 2404 1160 2490 αίροῦνται

143 2510 283 2592 βασιλέα
311 2506 457 2576 Λεύκιον
490 2506 689 2596 Ταρκύνιον.
739 2506 999 2591 βεβαιωσάντων
1033 2508 1072 2577 δὲ
1103 2510 1160 2578 καὶ

144 2619 214 2683 τῶν
241 2611 332 2704 παρὰ
358 2619 420 2682 τοῦ
449 2617 631 2700 δαιμονίου
661 2618 809 2701 σημείων
827 2612 875 2708 ,τὰ
902 2614 1064 2702 κριθέντα
1093 2613 1159 2685 ὑπὸ

144 2725 206 2790 τοῦ
239 2720 394 2807 πλήθους
425 2720 680 2807 παραλαμβάνει
712 2719 777 2807 τὴν
809 2724 982 2804 βασιλείαν
1016 2723 1159 2815 ἐνιαυτῷ

147 2827 292 2917 δευτέρφ
320 2826 463 2914 μάλιστα
492 2830 551 2913 τῆς
581 2830 659 2913 μιᾶς
684 2826 741 2894 καί
767 2831 1029 2914 τετταρακοστῆς
1057 2825 1160 2916 όλνμ·

105 2954 132 2996 ει
146 2933 282 3019 πιάδος,
310 2929 353 3020 ἣν
383 2934 476 3001 ἐνίκα
500 2932 682 3020 <στάδιον>
705 2931 888 3013 Κλεώνδας
910 2938 1075 3021 Θηβαῖος,
1102 2933 1160 3022 ἄρ-

105 3035 127 3100 2
146 3066 266 3130 χοντος
281 3038 466 3126 ’Λθήνησιν
480 3037 685 3126 Ἡνιοχίδου.
716 3041 847 3125 γονέων
864 3041 894 3107 δ’
912 3037 1040 3109 ὁποίων
1054 3045 1159 3110 τινῶν

147 3138 245 3228 οὗτος
269 3143 286 3215 ὁ
310 3148 496 3232 Ταρκύνιος
518 3139 561 3232 ήν
579 3146 636 3213 καλ
654 3150 814 3232 πατρίδος
837 3146 869 3228 ἐξ
888 3137 928 3234 ής
947 3151 1012 3232 ἔφυ
1035 3148 1092 3216 καὶ
1112 3144 1156 3215 δι’

217 3348 233 3397 3
257 3339 396 3397 δεδέσθαι
420 3342 443 3395 Β
466 3357 520 3394 om.
544 3341 570 3395 R
655 3348 673 3396 4
696 3342 814 3406 ξυλίνων
838 3341 861 3396 O
886 3337 977 3407 ξύλων
1001 3341 1159 3412 Stephanus

146 3409 414 3482 6φνλάττουσινΒ
470 3409 535 3467 ἵοί
551 3429 604 3468 om.
625 3412 677 3466 AB
739 3419 772 3466 12
792 3410 840 3480 ἔτη
858 3412 881 3465 Β
900 3407 947 3466 ἐπὶ
965 3413 991 3467 R
1050 3421 1085 3470 20
1104 3413 1157 3486 είς]

145 3479 217 3546 ὦςΑ
255 3489 288 3539 25
301 3480 416 3538 στάδιον
432 3483 540 3538 om.AB
550 3483 554 3555 1
564 3485 717 3546 κλεωνίδας
726 3487 750 3536 A
762 3484 910 3546 κλεονίδας
920 3483 941 3536 Β
952 3500 1022 3538 corr.
1029 3485 1158 3540 Meineke
