2438 3908
504 166 668 219 -Β-
1027 164 1092 230 165

73 325 233 412 διώριζεν
256 321 322 394 ἀπὸ
345 328 414 394 τῶν
436 323 577 413 ἀσήμων
599 325 656 392 καὶ
673 329 842 393 ταπεινῶν
863 325 920 392 καὶ
942 322 1091 410 όκόρων.

48 430 190 508 ιιοέκόλει
215 431 252 500 δέ
274 430 355 512 τούς
377 432 439 519 μὲν
463 434 499 500 ἐν
524 436 565 520 τῇ
587 433 828 521 καταδεεστέρᾳ
849 431 934 519 τύχῃ
956 437 1090 518 πληβεί-

88 562 150 624 ους,
168 535 211 618 ὡς
230 536 262 605 δ’
279 534 323 607 όιν
335 536 496 624 Ἕλληνες
514 546 641 606 είποιεν
661 537 876 625 δημοτικούς·
902 536 981 617 τούς
999 536 1031 605 δ’
1052 541 1089 606 ἐν

93 647 123 729 τῇ
142 649 304 732 κρείττονι
331 645 475 730 πατέρας
502 654 567 713 είτε
599 643 655 712 διὰ
686 643 725 714 τὸ
752 643 951 730 πρεσβεύειν
978 643 1091 735 ἡλικίᾳ

99 752 150 818 τῶν
170 749 291 838 όιλλων,
316 748 383 819 εἶδ’
405 749 456 820 ότι
475 755 593 830 παῖδες
610 750 726 831 αὐτοῖς
747 743 847 838 ἦσαν,
869 759 934 819 είτε
954 748 1011 819 διὰ
1028 749 1091 838 τὴν
1118 780 1132 818 ι

106 853 277 941 ἐπιφάνειαν
299 861 363 925 τού
385 858 519 942 γένους,
543 865 608 925 είτε
633 855 689 923 διὰ
706 856 815 924 πάντα
838 859 956 925 ταῦτα·
979 859 1015 926 ἐκ
1031 861 1092 944 τῆς

104 953 265 1047 Ἀθηναίων
297 969 482 1049 πολιτείας,
514 961 561 1043 ῶς
590 961 634 1031 όν
665 990 717 1042 τις
742 962 899 1048 είκύσειε,
930 966 990 1051 τῆς
1016 962 1088 1033 κατ’

109 1064 207 1137 ἐκεῖνον
232 1067 294 1138 τὸν
323 1068 450 1156 χρόνον
479 1075 526 1138 ἐτι
556 1069 781 1158 διαμενούσης
810 1067 849 1138 τό
878 1068 1090 1157 παράδειγμα

109 1173 200 1258 λοβόν.
243 1178 367 1245 ἐκεῖνοι
396 1176 459 1263 μὲν
487 1175 552 1264 γὰρ
580 1181 628 1256 είς
655 1175 718 1243 δύο
747 1175 830 1263 μέρη
858 1182 1032 1263 νείμαντες
1052 1170 1132 1246 τόἳ

108 1284 208 1368 πλῆθος
236 1281 438 1368 εύπατρίδας
473 1282 535 1370 μὲν
568 1280 712 1351 ἐκύλουν
743 1280 824 1362 τοὺς
855 1284 890 1350 ἐκ
920 1287 990 1351 τῶν
1022 1286 1091 1352 ἐπι-
1106 1312 1132 1351 ιο

109 1392 198 1470 φανόν
221 1398 324 1458 οίκιον
341 1390 398 1457 καί
416 1389 562 1478 χρήμασι
582 1389 760 1475 δυνατούς,
780 1383 832 1468 οἷς
849 1386 870 1476 ἡ
888 1392 947 1476 τῆς
963 1390 1092 1471 πόλεως

107 1487 226 1566 ίνέκειτο
253 1502 458 1585 προστασία,
485 1494 666 1584 ἀγροίκους
689 1496 726 1565 δέ
749 1493 830 1575 τοὺς
851 1495 976 1577 ἄλλους
997 1504 1091 1566 πολί

105 1624 153 1687 τις,
172 1609 205 1671 οἳ
222 1607 292 1672 τῶν
313 1606 441 1672 κοινῶν
465 1601 607 1683 ούδενὸς
628 1595 716 1691 ἦσαν
740 1602 868 1688 κύριοι·
891 1600 956 1671 σὺν
978 1604 1091 1696 χρόνῳ

105 1705 184 1777 δὲκαὶ
203 1702 297 1779 οὗτοι
311 1709 601 1798 προσελήφθησαν
621 1711 673 1779 ἐπί
691 1709 752 1791 τὰς
769 1708 882 1799 ἆρχύς.
916 1713 952 1777 οί
967 1710 1029 1797 μὲν
1048 1711 1090 1799 δὴ
1106 1712 1127 1776 3

100 1809 129 1880 τό
143 1815 355 1913 πιθανώτατα
372 1817 448 1904 περὶ
466 1821 525 1905 τῆς
537 1814 711 1905 Ῥωμαίων
729 1822 898 1897 πολιτείας
917 1820 1089 1905 ίστοροῦν-
1105 1846 1131 1885 ιε

98 1944 137 2000 τες
155 1919 208 1990 διὰ
229 1922 353 2003 ταύτας
369 1920 428 2003 τὰς
445 1928 553 2005 αίτίας
569 1927 744 2011 κληθῆναί
757 1944 841 2012 φασι
864 1920 945 2003 τούς
962 1923 1092 2012 ἄνδρας

97 2026 225 2110 ἐκείνους
257 2032 399 2118 πατέρας
428 2032 485 2099 καί
516 2028 596 2112 τούς
632 2030 794 2117 ἐκγόνους
824 2028 939 2099 αὐτῶν
975 2055 1091 2116 πατρι·

92 2139 185 2222 κίονς,
216 2140 251 2206 οί
274 2136 311 2204 δὲ
333 2136 417 2225 πρὸς
436 2136 498 2207 τὸν
521 2142 614 2207 ίδιον
637 2138 775 2225 φθόνον
798 2136 1031 2225 ἀναφέροντες
1051 2137 1090 2207 τὸ

92 2246 215 2331 πρᾶγμα
243 2244 300 2311 καί
328 2243 567 2330 διαβάλλοντες
595 2248 643 2324 είς
670 2245 872 2329 δυσγένειαν
897 2241 961 2331 τὴν
989 2245 1090 2313 πόλιν

88 2346 121 2416 ού
146 2348 201 2418 διὰ
233 2354 337 2418 ταῦτα
362 2353 560 2437 πατρικίους
582 2351 742 2428 ΙΙἐκείνους
772 2352 949 2436 κληθῆναί
973 2372 1090 2438 φασιν,
1104 2381 1132 2420 το

85 2452 148 2525 ἄλλ’
174 2454 226 2526 ότι
248 2458 391 2546 πατέρας
421 2453 513 2542 εἶχον
542 2452 716 2535 ἀποδεῖξαι
744 2452 862 2541 μόνοι,
890 2454 937 2536 ῶς
960 2462 1029 2526 τῶν
1052 2486 1089 2544 γε

83 2558 187 2632 ἄλλων
215 2566 389 2655 δραπετῶν
418 2561 529 2631 όντων
558 2560 615 2628 καί
648 2556 709 2629 ούκ
740 2558 890 2649 ἐχόντων
923 2560 1090 2653 όνομόσαι

82 2673 216 2758 πατέρας
244 2673 454 2759 ἐλευθέρους.
503 2665 686 2755 τεκμήριον
714 2667 752 2737 δὲ
780 2666 903 2738 τούτου
926 2673 1129 2758 παρέχον-4

80 2794 140 2863 σιν,
163 2775 216 2847 ότι
240 2777 317 2858 τούς
336 2776 397 2865 μὲν
420 2782 628 2866 πατρικίους,
652 2771 751 2845 ὁπότε
770 2774 878 2858 δόξειε
901 2789 973 2856 τοῖς
993 2783 1089 2863 βασι·

76 2886 166 2963 ,δοῦσι
191 2891 386 2970 συγκαλεῖν,
415 2886 449 2950 οί
469 2882 613 2971 κήρυκες
635 2882 669 2963 ἐξ
697 2878 864 2971 ὀνόματός
890 2908 926 2951 τε
948 2884 1005 2951 καὶ
1026 2910 1086 2952 πα·
1101 2922 1127 2962 25

80 2989 199 3077 τρόδεν
231 2987 442 3078 ἀνηγόρευον
449 3040 459 3074 ,
496 2986 575 3068 τοὺς
613 2987 651 3057 δέ
687 2986 889 3077 δημοτικούς
924 2986 1086 3075 ὑπηρέται

80 3096 160 3178 τινὲς
187 3094 342 3184 ἀθρόους
368 3098 483 3184 κε’ρασι
510 3100 638 3182 βοείοις
663 3097 919 3183 ἐμβυκανῶντες
948 3097 1001 3164 ἐπὶ
1028 3095 1086 3175 τὰς

87 3342 90 3347 .
139 3291 355 3417 ΞπληέίουςΒ
410 3296 453 3370 ,14
472 3291 521 3345 καὶ
540 3290 637 3377 οραΒ
698 3289 892 3361 ὶδῆμασιῡ
957 3295 990 3377 λλ
1010 3308 1084 3350 τινες

136 3361 174 3420 ἰ
194 3362 221 3417 Α
252 3406 259 3432 ,
279 3379 348 3418 corr.
366 3361 468 3416 Rfflske
493 3357 623 3432 όθροους
639 3361 691 3418 καὶ
707 3360 809 3431 κέρατι
825 3361 965 3417 Βδοδολετ
983 3420 986 3427 ,
1003 3357 1082 3431 ἐκβο-

125 3436 213 3499 ῶντες
232 3435 256 3488 Β
