2454 3916
523 224 686 278 -A-
1066 222 1110 290 νε

91 398 165 464 τοῖς
191 409 227 452 τε
250 381 367 463 ἀλλοις
393 383 578 472 βαρβάροις
604 384 659 451 καὶ
682 383 819 452 πάντων
847 384 989 470 μάλιστα
1011 391 1109 452 Σικε-

90 498 165 570 λοῖς
194 488 418 577 ὁμοτέρμοσιν
447 482 545 558 οὖσιν
572 487 656 576 ὑπὲρ
683 493 743 575 τής
769 489 878 575 χώρας
910 491 1110 576 ἐπολέμουν,

90 594 129 666 τὸ
163 595 227 684 μὲν
258 601 393 685 πρῶτον
425 594 499 685 ίερά
529 623 580 674 τις
611 597 796 676 ἐξελθοῦσα
827 593 955 681 νεότης,
987 593 1110 682 ἀνδρες

91 699 206 789 ὀλίγοι
231 700 315 770 κατὰ
341 706 421 787 βίου
448 700 584 787 ζήτησιν
610 697 676 769 ὑπὸ
703 704 773 769 τῶν
795 701 1005 786 γειναμένων
1029 698 1109 768 ἀπο-

91 812 288 895 σταλέντες,
320 813 400 887 ἐθος
432 808 674 894 ἐκπληροῦντες
705 805 866 895 ἀρχαῖον,
897 797 926 899 93
964 804 1137 886 πολλούςε

89 913 276 1003 βαρβάρων
308 940 344 982 τε
373 913 431 981 καὶ
458 909 630 998 Ἑλλήνων
663 915 837 1001 ἐπίσταμαι
869 914 1109 1001 χρησαμένους.

92 1018 195 1089 ὁπότε
217 1018 281 1108 γὰρ
309 1025 358 1100 είς
385 1018 488 1106 όχλου
510 1021 643 1104 πλήθος
670 1020 823 1087 ἐπίδοσιν
847 1021 886 1086 αί
905 1019 1019 1099 πόλεις
1041 1018 1151 1087 τισὶ2

91 1125 232 1212 λάβοιεν
256 1124 340 1195 ε’όστε
363 1127 478 1214 μηκέτι
502 1121 560 1204 τάς
583 1129 705 1205 οἰκείας
722 1123 850 1215 τροφὰς
872 1124 998 1195 ἅπασιν
1021 1122 1110 1193 εἶναι

92 1237 259 1320 διαρκεῖς,
290 1229 311 1319 ή
338 1240 530 1300 κακωθεῖσα
557 1245 629 1310 ταῖς
661 1229 835 1320 οὐρανίοις
863 1237 1060 1318 μεταβολαῖς
1087 1227 1109 1316 ἡ

91 1343 136 1426 γή
167 1343 331 1418 σπανίους
362 1336 443 1418 τούς
475 1336 639 1416 εἰωθότας
669 1334 818 1421 καρποὺς
846 1339 1060 1422 ἐξενέγκειεν,
1088 1331 1153 1422 ήιο

90 1443 230 1514 τοιόνδε
251 1471 285 1512 τι
306 1442 418 1523 πόθος
440 1441 523 1512 ἀλλο
536 1441 596 1522 τάς
607 1442 721 1523 πόλεις
743 1441 910 1530 κατασχὸν
930 1452 995 1510 εῖτε
1018 1441 1110 1528 ἀμει-

35 1573 72 1623 43
91 1577 159 1619 νον
192 1558 257 1619 εῖτε
288 1563 402 1637 χεῖρον
438 1548 589 1636 ἀνάγκην
625 1548 810 1636 ἐπιστήσειε
847 1548 1015 1637 μειώσεως
1049 1549 1112 1615 τοῦ

90 1656 266 1744 πλήθους,
306 1659 400 1724 θεῶν
442 1653 508 1747 ότφ
552 1653 594 1742 δή
635 1661 875 1746 καθιεροῦντες
916 1653 1113 1744 ἀνθρώπων

92 1765 222 1841 ἐτείους
253 1759 356 1848 γονὰς
383 1764 565 1849 ἐξέπεμπον
594 1759 710 1842 ὅπλοις
736 1763 965 1851 κοσμήσαντες
988 1764 1024 1831 ἐκ
1053 1762 1114 1846 τής

92 1869 273 1955 σφετέρας·
296 1871 328 1935 εί
348 1867 410 1955 μὲν
433 1865 517 1956 ὑπὲρ
541 1866 722 1957 εὐανδρίας
744 1865 764 1956 ή
783 1876 879 1957 νίκης
902 1873 939 1938 ἐκ
961 1869 1112 1955 πολέμου
1125 1894 1152 1937 15

91 1971 293 2061 χαριστήρια
315 1982 411 2053 θεοῖς
432 1970 643 2061 ἀποδιδοῖεν,
665 1974 876 2063 προθύοντες
895 1974 968 2062 ίερδι
990 1973 1031 2044 τά
1053 2000 1111 2041 νο-

92 2079 268 2168 μιζόμενα,
291 2077 457 2167 εὐφήμοις
479 2086 615 2161 οίωνοῖς
637 2079 695 2161 τὰς
721 2080 876 2161 ἀποικίας
897 2083 1110 2170 προπέμπον-

91 2206 167 2265 τες·
194 2189 226 2253 εί
248 2184 279 2253 δ’
305 2189 358 2256 ἐπὶ
381 2191 544 2274 μηνίμασι
573 2191 762 2275 δαιμονίοις
784 2186 976 2274 ἀπαλλαγὰς
998 2185 1109 2255 αι’τού-

91 2320 196 2383 μενοι
221 2297 290 2362 τῶν
316 2292 526 2382 κατεχόντων
555 2297 643 2381 σφᾶς
668 2298 780 2361 κακῶν
807 2294 845 2363 τὸ
876 2293 1110 2383 παραπλήσιον

93 2404 219 2492 δρῷεν,
242 2397 341 2469 αὐτοί
359 2426 394 2468 τε
417 2398 604 2489 ἀχθόμενοι
625 2401 682 2469 καὶ
710 2399 954 2487 συγγνώμονας
976 2398 1109 2480 ἀξιοῦν·
1124 2425 1152 2466 ιο

90 2532 149 2587 τες
171 2509 332 2594 γενέσθαι
354 2505 433 2587 τούς
455 2506 756 2595 ἀπελαυνομένους.
781 2511 816 2575 oc
838 2507 875 2574 δὲ
897 2503 1109 2574 ἀπαναστάν-
1128 2515 1150 2580 3

91 2641 149 2694 τες
172 2610 218 2693 ὡς
241 2611 351 2683 οὐκέτι
372 2617 431 2700 τής
452 2612 606 2703 πατρῴας
628 2618 689 2701 γής
711 2613 993 2701 μεταληψόμενοι,
1016 2616 1047 2680 εί
1064 2608 1110 2698 μή

91 2718 275 2806 κτήσαιντο
312 2720 449 2805 ἑτέραν,
484 2716 546 2805 τήν
588 2716 839 2807 ὑποδεξαμένην
881 2718 1004 2800 αὐτοὺς
1044 2727 1110 2786 εἴτε

92 2823 186 2914 πρὸς·
211 2829 331 2913 φιλίαν
367 2834 432 2894 είτε
464 2828 501 2894 ἐν
533 2827 666 2917 πολέμῳ
702 2835 929 2916 κρατηθεῖσαν
965 2826 1110 2912 πατρίδα

168 3060 184 3109 7
203 3048 300 3116 πόλεις
323 3056 402 3122 σφίσι
424 3072 447 3109 ο.
471 3055 582 3110 Urlichs
605 3055 691 3111 ΕοεΙ
716 3075 743 3126 p.
763 3063 828 3126 309,
856 3057 980 3114 Hereher
1003 3077 1062 3121 πως
1086 3073 1110 3111 ο.

92 3126 206 3183 ΒδλεοῙιΙ
229 3128 370 3179 πολιτεῖαι
393 3141 416 3179 ο.
435 3125 579 3197 Kiessling
668 3122 848 3195 θούρανίοις
868 3131 894 3184 Α
921 3124 1069 3199 οὐρανίαις
1085 3127 1111 3181 Β

132 3204 166 3253 10
185 3190 401 3265 *έξήνεγκενΟ
456 3203 490 3251 13
510 3192 577 3251 ότωι
595 3192 631 3266 δή
650 3200 676 3253 Α
694 3193 786 3266 ὁτωδή
806 3199 829 3252 Β
902 3206 936 3254 14
960 3199 1068 3259 αίτίονε
1083 3198 1111 3251 A

93 3263 334 3342 <έ>τ<ε>ίουςΒ
406 3273 440 3324 20
458 3269 561 3335 δρῶιεν
584 3269 609 3322 Α
637 3269 727 3336 δρῶεν
744 3268 768 3322 Β
783 3272 788 3337 Ι
805 3263 891 3323 αὐτοί
905 3290 937 3339 γε
956 3272 982 3324 R
1012 3263 1111 3328 αὐτοῖς

93 3359 125 3395 τε
146 3334 404 3407 ΒλάξιοῦνταςΑ
481 3345 513 3393 21
534 3338 713 3408 γενέσθαιΒ
749 3340 880 3408 γίνεσθαι
903 3341 929 3394 R
1007 3346 1041 3394 22
1060 3335 1111 3404 τῆς

94 3411 148 3467 del.
167 3410 283 3498 Sauppe
301 3407 372 3477 Eph.
392 3407 469 3464 Goth.
489 3416 557 3465 1861
577 3430 604 3481 p.
625 3416 693 3464 1859
756 3417 789 3465 23
808 3405 1024 3480 ὑποδεξαμένην
1038 3406 1111 3463 ABa

93 3477 311 3551 ἀποδεξομενην
329 3478 376 3533 Bb
392 3479 396 3552 Ι
413 3475 511 3544 αὐτοῖς
533 3481 572 3535 Ba
646 3487 681 3534 24
701 3475 732 3536 ἐν
755 3481 810 3535 del.
829 3478 919 3535 Cobet
938 3479 1003 3535 Oba.
1026 3499 1054 3550 p.
1074 3483 1108 3531 21
