2454 3916
546 249 711 302 ..Α-.

120 405 183 495 τὴν
205 411 372 493 γλῶτταν,
390 403 434 493 ἢν
457 406 495 475 τὸ
521 411 677 475 Λατίνων
705 412 809 487 ἔθνος
831 409 1030 494 φθέγγεται,
1053 406 1166 477 aod-n
1179 395 1224 451 9

80 525 101 590 5
120 537 166 581 πα
188 521 336 582 καλεῖται
354 516 453 581 τοῦτο
471 513 509 581 τὸ
529 519 664 600 θηρίον.
705 512 805 601 ἡνίκα
825 512 863 581 δὲ
880 517 939 601 τῆς
957 515 994 581 έν
1009 517 1058 607 τῷ
1078 513 1132 602 γά-

120 626 215 688 λακτι
237 624 366 707 τροφῆς
388 616 562 706 ἀπηλλάγη
586 617 626 687 τὰ
647 622 777 704 παιδία,
796 622 946 706 δοθῆναι
963 621 1050 708 πρὸς
1067 624 1132 690 τῶν

119 725 314 813 τρεφόντων
347 730 394 805 είς
426 730 574 811 Γαβίους
604 724 705 793 πόλιν
738 724 779 794 οά
811 723 944 814 μακράν
975 724 1043 796 ἀπὸ
1075 730 1134 796 τοῦ

80 863 92 902 5
121 837 339 901 Παλλαντίου
374 834 549 918 κειμένην,
586 828 631 911 ως
663 828 808 899 Ἐλλάδα
843 836 1002 903 παιδείαν
1040 833 1134 922 ἐκμά-

119 948 231 1025 θοιεν,
253 938 350 1007 κάκεῖ
369 935 448 1026 παρ’
469 937 636 1026 ἀνδράσιν
660 941 839 1021 ίδιοξένοις
856 943 918 1008 τοῦ
940 941 1135 1010 Φαιστύλου

118 1049 288 1134 τραφῆναι
316 1043 492 1133 γράμματα
518 1045 575 1112 καὶ
603 1044 769 1132 μουσικὴν
796 1047 996 1137 καὶχρῆσιν
1021 1046 1135 1117 ὅπλων

79 1146 321 1237 ὅἙλληνικῶν
356 1151 660 1238 ἐκδιδασκομένους
696 1153 810 1242 μέχρις
846 1150 939 1240 ἥβης.
994 1155 1066 1224 ἐπεὶ
1097 1153 1134 1223 δὲ

118 1253 281 1344 ἀφίκοντο
313 1255 397 1344 πρὸς
430 1256 510 1336 τοὺς
545 1260 787 1344 νομιζομένους
819 1273 932 1344 γονεῖς
963 1264 1135 1348 συμβῆναι

78 1398 103 1436 ιο
117 1366 180 1451 τὴν
204 1364 374 1452 διαφορὰν
397 1361 512 1444 αὐτοῖς
529 1363 614 1452 πρὸς
636 1363 716 1444 τοὺς
735 1367 926 1453 Νεμέτορος
945 1366 1134 1453 βουκόλους

116 1472 279 1558 περὶτῶν
299 1470 482 1558 συννόμων
500 1476 647 1558 χωρίων·
671 1473 707 1538 ἐκ
727 1470 764 1539 δὲ
787 1470 909 1540 τούτου
927 1470 1058 1560 πληγὰς
1075 1471 1134 1542 αό-

116 1590 186 1656 τοίς
210 1577 333 1656 δόντας
357 1574 401 1657 ὡς
424 1575 547 1656 αὐτοὺς
570 1574 733 1644 ἀπελάσαι
756 1575 816 1657 τὰς
838 1576 970 1664 ἀγέλας,
993 1583 1133 1667 ποιησαι

117 1682 280 1752 δὲταῦτα
302 1688 342 1773 τῇ
365 1683 482 1772 γνώμη
505 1688 566 1752 τοῦ
589 1685 793 1772 Νεμέτορος,
816 1684 862 1754 ἵν’
889 1682 975 1773 ἀρχὴ
998 1690 1132 1774 γένοιτο

116 1789 331 1876 ἐγκλημάτων
353 1791 409 1857 καὶ
432 1788 500 1876 ἅμα
522 1796 709 1877 παρουσίας
732 1794 779 1871 είς
801 1789 864 1878 τὴν
881 1791 983 1860 πόλιν
1005 1797 1052 1885 τῷ
1076 1820 1132 1863 νο-

76 1877 259 2002 175μευτικῷ
282 1895 408 1984 πλήθει
429 1895 607 1985 πρόφασις.
654 1895 699 1976 ὡς
726 1897 764 1965 δὲ
790 1896 883 1966 ταῦτ’
910 1900 1042 1984 ἐγένετο
1066 1908 1131 1970 Νε-

116 2003 239 2090 μέτορα
261 2002 323 2089 μὲν
339 2001 497 2090 Ἀμολίου
518 2008 701 2090 καταβοᾶν,
717 2001 762 2083 ὡς
781 2003 878 2073 δεινά
895 2005 1017 2093 πάσχοι
1038 2010 1131 2096 διαρ-

115 2108 300 2196 παζόμενος
320 2105 385 2177 ὑπὸ
409 2113 479 2178 τάν
503 2111 634 2179 ἐκείνου
657 2110 849 2196 βουκόλων,
877 2111 934 2179 καὶ
957 2109 1079 2193 ἀξιοῦν
1102 2119 1133 2181 εί

115 2215 262 2303 μηδενὸς
279 2225 385 2296 αίτιος
400 2220 481 2301 [τῶν
501 2219 645 2300 ἐκείνου]
661 2218 731 2285 ἐστὶ
745 2222 959 2306 παραδοῦναι
976 2216 1037 2287 τὸν
1051 2224 1131 2304 βου-

115 2322 248 2412 φορβὸν
275 2322 365 2415 αὑτῷ
393 2325 449 2391 καὶ
476 2322 555 2404 τοὺς
582 2322 680 2403 υίοδς
707 2324 760 2391 ἐπὶ
788 2327 877 2412 δίκη·
908 2322 1066 2417 ’Λμόλιον
1092 2325 1131 2395 δέ

75 2461 100 2499 ω
114 2428 353 2500 ἀπολύσασθαι
371 2429 584 2517 βουλόμενον
601 2427 663 2516 τὴν
682 2434 793 2497 αἰτίαν
813 2428 893 2508 τούς
914 2457 950 2498 τε
968 2435 1165 2518 αίτηθένε

113 2564 172 2618 τας
202 2538 258 2606 καὶ
290 2535 369 2616 τοὺς
401 2535 524 2616 ἀλλους
556 2535 722 2622 ἅπαντας,
759 2535 836 2605 ὅσοι
872 2550 1029 2625 παρεῖναι
1060 2554 1131 2619 τοῖς

115 2646 310 2731 γενομένοις
339 2642 432 2730 εἶχον
459 2648 585 2729 αἰτίαν,
618 2642 713 2730 ἥκειν
739 2642 890 2712 κελεύειν
922 2647 1018 2725 δίκας
1049 2642 1130 2732 ὑφέ-

75 2753 233 2831 8ξοντας
259 2754 305 2842 τῷ
334 2751 509 2837 Νεμέτορι.
559 2755 694 2819 πολλῶν
724 2751 761 2818 δὲ
791 2750 1032 2819 συνελθόντων
1061 2750 1130 2840 ἀμα

112 2871 183 2936 τοῖς
210 2859 369 2935 ἐπαιτίοις
397 2856 449 2924 ἐπὶ
476 2860 516 2944 τῇ
546 2855 714 2945 προφάσει
740 2861 799 2943 τῆς
830 2860 924 2943 δίκης
951 2856 1130 2944 φράσαντα

73 2993 98 3033 25
112 2976 183 3042 τοῖς
214 2969 403 3042 νεανίσκοις
433 2961 495 3032 τὸν
524 2963 760 3051 μητροπάτορα
796 2967 908 3031 πᾶσαν
939 2961 1003 3050 τὴν
1031 2991 1129 3033 κατα-

62 3186 67 3195 ·
184 3155 271 3228 Ιτὴν
289 3161 312 3213 Β
330 3176 385 3213 om.
405 3153 580 3226 Βλλοόππα
602 3159 652 3212 ΑΒ
724 3154 1053 3231 4είςταβίουςο1ἀτιδ
1072 3160 1127 3216 del.

112 3231 201 3287 Cobet
224 3230 290 3286 obs.
318 3249 345 3300 p.
365 3236 399 3284 37
490 3224 720 3297 8ἕλληνικῶνΒ
753 3226 945 3300 έλληνικὴνΒ
978 3227 1128 3300 ἑλληνικῶς

112 3320 135 3357 ο.
158 3302 296 3357 Bflcheler
321 3304 325 3370 Ι
351 3299 431 3371 μέχρι
454 3300 477 3352 Β
559 3306 592 3355 16
615 3297 737 3371 πάσχειν
759 3302 782 3354 Β
814 3296 918 3371 πάσχει
941 3318 963 3357 ο.
984 3302 1127 3373 Kiessling

148 3379 181 3428 18
196 3374 253 3428 τῶν
269 3369 380 3427 ἐκείνου
395 3373 418 3425 Β
438 3366 551 3425 ἐκείνου
564 3371 590 3424 A
604 3371 828 3443 dittographiam
841 3372 984 3444 Kiessling
998 3372 1106 3429 delevit
1120 3373 1124 3445 Ι

111 3440 321 3571 χχορορβδνὈ
348 3459 418 3568 οὶρεο.
446 3442 589 3513 Kiessling
680 3451 712 3499 19
733 3439 810 3516 αὐτῷ
835 3444 858 3500 Ο
886 3460 955 3499 corr.
984 3445 1127 3501 Meutzner

181 3535 202 3570 π
233 3533 338 3584 φρασει
