2454 3916
31 783 89 833 τοι
353 784 356 788 ·
432 757 772 834 ΔΙΟΝΥΣΙΟΥ

457 931 740 985 mmmmm

264 1071 535 1142 ΡΩΜΑΙΚΗΣ
557 1073 940 1142 ΑΡΧΑΙΟΛΟΓΙΑΣ

402 1233 547 1287 ΛΟΓΟΣ
566 1229 796 1286 ΔΕΥΤΕΡΟΣ.

112 1495 137 1528 ‘³
179 1496 227 1568 Ἡ
239 1496 413 1587 Ῥωμαίων
431 1498 527 1579 πόλις
550 1502 684 1587 ἵδρυται
706 1498 768 1586 μὲν
792 1499 828 1566 ἐν
851 1510 922 1578 τοῖς
945 1498 1110 1587 ἑσπερίοις

92 1607 209 1697 μέρεσι
232 1608 292 1694 τῆς
315 1604 456 1686 Ἰταλίας
486 1607 562 1692 περὶ
593 1602 746 1692 ποταμὸν
777 1609 929 1693 Τέβεριν,
961 1601 999 1685 ὃς
1026 1602 1108 1673 κατά

93 1715 203 1803 μέσην
231 1711 373 1802 μάλιστα
400 1711 461 1800 τῆν
493 1711 599 1800 ἀκτῆν
632 1715 825 1798 ἐκδίδωσιν,
853 1709 1023 1801 ἀπέχουσα
1052 1716 1110 1799 τῆς

98 1823 312 1908 Τυρρηνικῆς
338 1820 507 1908 θαλάττης
534 1819 653 1889 ἑκατὸν
683 1829 789 1888 είκοσι
811 1823 979 1900 σταδίους.
1016 1823 1052 1888 οί
1073 1821 1111 1889 δὲ

92 1926 316 2015 κατασχόντες
338 1924 445 2015 αὐτὴν
463 1931 589 2016 πρῶτοι
611 1931 680 1996 τοόν
699 1928 1007 2015 μνημονευομένων
1029 1926 1109 2014 βάρ-
1138 1961 1151 2003 5

98 2038 203 2123 βαροί
221 2059 310 2115 τινες
331 2025 419 2122 ῆσαν
439 2033 649 2122 αὐτόχθονες
672 2035 808 2103 Σικελοὶ
835 2033 1010 2121 λεγόμενοι
1032 2042 1111 2103 πολ·

39 2137 140 2214 2θόλά
171 2141 229 2208 καὶ
265 2139 350 2210 ἀλλα
386 2143 446 2228 τῆς
477 2142 618 2221 Ἰταλίας
652 2146 759 2229 χωρία
794 2140 1029 2229 κατασχόντες,
1061 2131 1110 2209 οἷν

96 2246 160 2318 οὐκ
184 2245 281 2335 ὀλίγα
309 2249 475 2335 διέμεινεν
504 2244 577 2316 οὐδ’
609 2245 724 2334 ἀφανῆ
753 2258 898 2334 μνημεῖα
925 2247 1020 2334 μέχρι
1042 2250 1111 2314 τῶν

93 2351 175 2422 καθ’
201 2351 288 2441 ῆμάς
310 2353 461 2442 χρόνων,
489 2357 527 2423 ἐν
550 2350 600 2434 οἷς
621 2354 677 2421 καὶ
700 2352 813 2421 τόπων
835 2355 938 2421 τινιόν
962 2349 1112 2439 ὀνόματα

94 2458 257 2529 Σικελικά
282 2459 460 2547 λεγόμενα,
490 2460 664 2549 μηνύοντα
686 2458 749 2547 τῆν
771 2458 875 2527 πάλαι
897 2457 976 2527 ποτὲ
999 2454 1111 2527 αὐτῶν
1126 2499 1153 2540 20

95 2569 277 2654 ἐνοίκησιν.
318 2566 459 2648 τούτους
478 2567 674 2654 ἐκβαλόντες
688 2563 893 2655 Ἀβοριγίνες
915 2562 1013 2634 αὐτοὶ
1035 2591 1111 2633 κατ-
1129 2573 1150 2638 2

95 2674 198 2762 ἐσχον
218 2672 280 2743 τὸν
301 2673 408 2742 τόπον
432 2672 614 2763 Οίνότρων
640 2671 735 2754 όντες
756 2671 921 2760 ἀπόγονοι
943 2682 1012 2741 τῶν
1034 2698 1109 2741 κατ-

93 2780 285 2850 οικούντων
303 2782 365 2868 τῆν
384 2777 451 2850 ἀπὸ
473 2782 644 2867 Τάραντος
661 2778 738 2870 ἀχρι
756 2784 988 2860 Ποσειδωνίας
1005 2780 1110 2869 παρά·

93 2894 180 2956 λιον.
224 2886 297 2976 ίερά
321 2913 371 2968 τις
394 2885 478 2975 αὕτη
504 2887 621 2974 νεότης
643 2897 897 2956 καθοσιωθεῖσα
913 2898 1008 2968 θεοίς
1025 2886 1109 2956 κατὰ

91 2991 157 3062 τὸν
180 2992 360 3083 ἐπιχοόριον
384 2993 492 3082 νόμον
520 2991 586 3062 ὑπὸ
616 2998 684 3063 τῶν
707 2995 859 3081 πατέρων
882 2993 1112 3081 ἀποσταλῆναι
1126 3023 1152 3065 τι

92 3099 227 3186 λέγεται
245 3099 360 3190 χεόραν
379 3100 562 3189 οίκῆσουσα
575 3098 637 3189 τῆν
651 3099 717 3170 ἀπὸ
736 3105 798 3170 τοῦ
817 3104 997 3190 δαιμονίου
1016 3106 1112 3187 σφίσι

167 3294 310 3364 θπερλΟ
334 3293 413 3366 παρὰ
436 3297 574 3352 Bfioheler
650 3296 821 3366 8διέμενεν
844 3298 870 3350 Α
948 3301 981 3349 10
999 3295 1111 3348 Σικελι-

90 3365 170 3456 κῶς,
187 3366 234 3422 vel
269 3368 412 3424 Σικελιατί
452 3368 633 3424 Oasaubonus
667 3371 672 3438 Ι
706 3364 847 3491 λεγόμενα
888 3367 941 3423 del.
974 3363 1112 3419 Bflcheler

92 3443 130 3494 13
149 3457 216 3509 αχρι
230 3479 237 3493 .
253 3436 277 3490 Β
351 3445 383 3495 16
403 3441 554 3510 δαιμονίου
574 3441 596 3494 Β
616 3442 752 3511 δαίμονος
