2454 3916
497 255 529 266 -
568 228 661 280 r-
1019 187 1084 289 εει

69 386 128 454 καὶ
154 383 234 466 τοὺς
259 372 468 474 Φιδηναίους
495 389 666 473 διηγεῖται.
715 386 809 464 τέλος
836 384 878 473 δὴ
909 381 946 453 τὸ
974 382 1085 471 κράτι-

70 513 153 562 στου
182 493 360 582 εἰληφότος
386 498 447 563 τοῦ
474 495 625 582 πολέμου
651 490 691 562 τὰ
724 489 824 561 λοιπά
853 489 919 578 ήδη
947 503 1085 560 σκοπεῖν

70 596 196 680 αὐτοὺς
227 597 338 686 ήξίου,
369 606 447 669 τίνα
478 597 540 688 χρὴ
576 598 703 687 τρόπον
734 596 991 687 τιμωρήσασθαι
1023 595 1085 684 μὲν

71 703 153 786 τοὺς
173 704 351 794 προδότας,
373 707 653 794 σωφρονεστέραν
673 705 711 774 δὲ
728 704 791 793 τήν
810 704 982 792 Ἀλβανῶν
1004 701 1086 772 ἀπο·

73 817 198 882 δοῦναι
219 811 320 881 πόλιν
348 818 395 893 είς
421 811 459 883 τό
486 812 615 881 λοιπόν.
660 811 784 900 τὸμὲν
812 804 875 881 οὖν
897 810 1112 908 τιμωρήσει*6

71 929 158 989 σθαι
178 916 258 1001 τοὺς
284 919 557 1008 ἐπιχειρήσαντας
580 925 692 1007 ἔργοις
713 918 865 1000 ἀνοσίοις
884 922 988 987 πᾶσιν
1011 917 1085 987 ἐδό-

71 1051 124 1094 κει
156 1025 290 1096 δίκαιόν
321 1054 357 1096 τε
387 1024 651 1113 καὶάναγκαῖον
683 1025 786 1114 εἶναι,
820 1023 861 1095 δυ
888 1025 927 1094 δὲ
957 1024 1085 1114 τρόπον

71 1135 174 1201 τοῦτο
198 1130 320 1218 γένοιτ’
345 1129 390 1200 ἀν
413 1134 518 1223 ῥᾷστα
539 1134 595 1202 καὶ
620 1132 853 1223 ἀσφαλέστατα
875 1130 1004 1220 πολλήν
1028 1129 1086 1201 αό-

26 1252 149 1319 ῖ89τοῖς
170 1253 327 1327 παρεῖχεν
342 1237 499 1327 ἀπορίαν.
540 1237 654 1331 ἀδήλῳ
678 1237 826 1328 μλυςχάρ
846 1240 903 1308 καλ
926 1238 1086 1326 λεληθότι

72 1343 169 1436 μόρῳ
191 1342 337 1424 πολλοὺς
358 1345 414 1413 καὶ
437 1343 588 1432 ἀγαθοὺς
608 1344 779 1432 Ἀλβαυοόν
807 1344 935 1434 ἀνδρας
963 1350 1086 1433 διαχει-
1100 1363 1127 1404 1⁰

73 1456 237 1538 ρίσασθαι
260 1455 327 1520 τῶν
350 1449 530 1521 ἀδυνάτων
553 1449 667 1532 αὐτοῖς
689 1454 844 1540 ἐφαίνετο
868 1451 969 1520 εἶναι·
994 1457 1026 1520 εί
1048 1451 1087 1521 δέ

72 1561 231 1645 φανερῶς
254 1556 503 1644 συλλαμβάνειν
525 1559 582 1627 καλ
602 1567 823 1647 τιμωρεῖσθαι
844 1556 924 1640 τοὺς
946 1557 1088 1646 ἐνόχους

71 1677 147 1744 ταῖς
168 1668 290 1743 αίτίαις
313 1663 573 1753 ἐπιχειρήσειαν,
601 1663 643 1734 οὐ
665 1664 890 1753 περιόψεσθαι
916 1662 996 1746 τοὺς
1015 1663 1087 1734 Ἀλ-

72 1771 203 1859 βαυοδς
237 1768 492 1860 ὑπελάμβανον,
524 1769 597 1840 ἀλλ’
628 1772 681 1840 ἐπὶ
712 1770 753 1840 τά
790 1769 876 1840 όπλα
911 1770 1087 1860 χωρήσειν.

72 1877 143 1967 ἅμα
175 1877 214 1947 δέ
243 1886 402 1976 πολεμεῖν
428 1881 627 1965 Φιδηναίοις
658 1904 694 1948 τε
723 1879 780 1947 καλ
812 1886 1000 1968 Τυρρηνοῖς
1030 1880 1086 1948 καλ
1101 1901 1127 1945 ιε

71 1999 146 2066 τοῖς
172 1985 226 2054 ἐπὶ
251 1985 314 2072 τήν
342 1990 533 2074 συμμαχίαν
556 1990 654 2073 σφῶν
679 1985 952 2074 συνεληλυθόσιν
972 1983 1088 2073 Ἄλβα·

73 2105 150 2172 νοῖς
177 2090 239 2161 οὐκ
266 2093 457 2179 ἐβούλοντο.
506 2090 751 2181 ἀπορουμένων
780 2091 811 2160 δ’
837 2089 951 2162 αὐτῶν
977 2099 1088 2161 τελευ-

72 2211 169 2278 ταῖος
198 2196 438 2268 ἀποδείκνυται
473 2198 612 2287 χυοόμηυ
645 2197 663 2268 ὁ
696 2198 837 2286 Τύλλος,
869 2195 913 2287 ήν
945 2197 1089 2280 ἅπαντες

73 2306 258 2394 έπήυεσαυ,
280 2303 364 2394 ὑπὲρ
386 2298 427 2394 ής
449 2305 529 2393 μετὰ
553 2304 674 2395 μικρὸν
697 2308 771 2394 έροῖ.

125 2463 127 2467 «
164 2413 302 2480 XXVII.
332 2411 581 2499 Τετταράκουτα
602 2410 634 2479 δ’
652 2410 762 2481 όντων
781 2415 928 2481 σταδίων
946 2416 1015 2480 τῶν
1033 2437 1088 2499 με·
1102 2433 1130 2475 νο

73 2516 158 2600 ταξδ
183 2518 335 2606 Φιδήνης
360 2545 395 2588 τε
426 2519 483 2587 καὶ
504 2516 631 2606 Ῥεόμης
657 2517 778 2599 έλάσας
803 2517 864 2588 τὸν
892 2522 996 2587 ἵππον
1023 2517 1090 2587 ἀνὰ

73 2624 197 2713 κρότος
218 2629 331 2713 παρήυ
354 2625 407 2694 ἐπὶ
431 2623 492 2693 τὸν
516 2624 644 2714 χάρακα
670 2626 726 2694 καὶ
752 2625 833 2713 πρὶν
856 2621 984 2713 ἡμέραν
1007 2633 1090 2713 λαμ·

73 2731 166 2818 πράν
189 2734 349 2818 γενέσθαι
372 2731 514 2813 καλέσας
531 2730 676 2820 Μάρκον
689 2730 844 2820 Ὁράτιου
866 2729 927 2801 τὸν
945 2738 1089 2820 περιλει-

76 2840 210 2926 φθέντα
233 2839 358 2907 ἐκτῶν
381 2837 554 2927 τριδύμων
576 2838 632 2906 καὶ
652 2835 734 2918 δοὺς
757 2836 846 2930 αὐτῷ
869 2842 938 2907 τόν
962 2841 1090 2908 ίππέων

74 2947 133 3014 καὶ
160 2950 229 3016 τῶν
255 2949 362 3030 πεζῶν
389 2943 468 3025 τοὺς
490 2943 733 3033 ἀκμαιοτάτους
755 2945 927 3015 ἐκέλευσεν
951 2946 1004 3014 ἐπὶ
1026 2943 1130 3033 τήνω

26 3050 252 3141 ίθθἏλβαυῶν
278 3052 380 3122 πόλιν
401 3052 513 3139 ἀγειυ,
541 3051 757 3141 παρελθόντα
784 3050 817 3120 δ’
843 3051 938 3134 ἐντὸς
959 3057 1091 3140 τείχους

150 3289 167 3338 4
185 3280 354 3371 προειδότας
376 3285 401 3339 Α
482 3290 498 3340 6
522 3281 575 3354 μὲν
597 3256 665 3368 τοὺς
687 3285 712 3339 Α
732 3285 736 3354 λ
758 3278 991 3354 ἐπιχειρήσαντας
1016 3283 1091 3368 Βαξῖ

76 3353 451 3497 πῳψόμέλλῖἴλῖλὶἀά
523 3349 1091 3497 ⁸11⁰}ssssssssm'zffflaf'sssss‘ssfflss

77 3445 302 3568 Ῑσδωάληλνθόσιν
320 3497 395 3553 Bau
410 3499 416 3568 Ι
431 3494 564 3572 ἀλβανῶν
582 3497 635 3553 ΑΒ
707 3503 741 3553 23
761 3499 894 3566 γίνεσθαι
912 3496 935 3550 Β
