<?xml version="1.0" encoding="UTF-8"?>
<!DOCTYPE html PUBLIC "-//W3C//DTD XHTML 1.0 Transitional//EN"
    "http://www.w3.org/TR/xhtml1/DTD/xhtml1-transitional.dtd">
<html xmlns="http://www.w3.org/1999/xhtml" xml:lang="en" lang="en">
 <head>
  <title>
</title>
<meta http-equiv="Content-Type" content="text/html;charset=utf-8" />
  <meta name='ocr-system' content='tesseract 3.04.00' />
  <meta name='ocr-capabilities' content='ocr_page ocr_carea ocr_par ocr_line ocrx_word'/>
</head>
<body>
  <div class='ocr_page' id='page_1' title='image "./dionysihalicarn01diongoog_0019.png"; bbox 0 0 2454 3916; ppageno 0'>
   <div class='ocr_carea' id='block_1_1' title="bbox 104 255 693 322">
    <p class='ocr_par' dir='ltr' id='par_1_1' title="bbox 104 255 693 322">
     <span class='ocr_line' id='line_1_1' title="bbox 104 255 693 322; baseline 0.002 0"><span class='ocrx_word' id='word_1_1' title='bbox 104 261 126 322; x_wconf 88' lang='lat'>4</span> <span class='ocrx_word' id='word_1_2' title='bbox 529 255 693 308; x_wconf 74' lang='grc' dir='ltr'><strong><em>-Α-</em></strong></span> 
     </span>
    </p>
   </div>
   <div class='ocr_carea' id='block_1_2' title="bbox 65 410 1161 2950">
    <p class='ocr_par' dir='ltr' id='par_1_2' title="bbox 65 410 1161 2950">
     <span class='ocr_line' id='line_1_2' title="bbox 105 410 1122 504; baseline -0.006 -18"><span class='ocrx_word' id='word_1_3' title='bbox 105 417 251 504; x_wconf 78' lang='grc' dir='ltr'><strong><em>Μήδους</em></strong></span> <span class='ocrx_word' id='word_1_4' title='bbox 271 413 581 502; x_wconf 76' lang='grc' dir='ltr'><strong><em>καταγωνισάμενοι</em></strong></span> <span class='ocrx_word' id='word_1_5' title='bbox 604 417 662 497; x_wconf 77' lang='grc' dir='ltr'><strong><em>τῆς</em></strong></span> <span class='ocrx_word' id='word_1_6' title='bbox 690 412 751 500; x_wconf 79' lang='grc' dir='ltr'><strong><em>μὲν</em></strong></span> <span class='ocrx_word' id='word_1_7' title='bbox 770 411 881 491; x_wconf 85' lang='grc' dir='ltr'><strong><em>Ἀσίας</em></strong></span> <span class='ocrx_word' id='word_1_8' title='bbox 904 410 1022 497; x_wconf 88' lang='grc' dir='ltr'><strong><em>ὀλίγου</em></strong></span> <span class='ocrx_word' id='word_1_9' title='bbox 1046 416 1122 481; x_wconf 80' lang='grc' dir='ltr'><strong><em>δεῖν</em></strong></span> 
     </span>
     <span class='ocr_line' id='line_1_3' title="bbox 106 518 1121 609; baseline -0.005 -17"><span class='ocrx_word' id='word_1_10' title='bbox 106 523 214 609; x_wconf 92' lang='grc' dir='ltr'><strong><em>πάσης</em></strong></span> <span class='ocrx_word' id='word_1_11' title='bbox 236 525 453 601; x_wconf 77' lang='grc' dir='ltr'><strong><em>τελευτῶντες</em></strong></span> <span class='ocrx_word' id='word_1_12' title='bbox 480 520 682 607; x_wconf 86' lang='grc' dir='ltr'><strong><em>ἐκράτησαν,</em></strong></span> <span class='ocrx_word' id='word_1_13' title='bbox 710 519 976 606; x_wconf 78' lang='grc' dir='ltr'><strong><em>ἐπιχειρήσαντες</em></strong></span> <span class='ocrx_word' id='word_1_14' title='bbox 1003 518 1041 587; x_wconf 73' lang='grc' dir='ltr'><strong><em>δὲ</em></strong></span> <span class='ocrx_word' id='word_1_15' title='bbox 1063 520 1121 587; x_wconf 85' lang='grc' dir='ltr'><strong><em>καλ</em></strong></span> 
     </span>
     <span class='ocr_line' id='line_1_4' title="bbox 104 622 1122 715; baseline -0.003 -18"><span class='ocrx_word' id='word_1_16' title='bbox 104 643 176 709; x_wconf 81' lang='grc' dir='ltr'><strong><em>τοῖς</em></strong></span> <span class='ocrx_word' id='word_1_17' title='bbox 198 622 412 715; x_wconf 80' lang='grc' dir='ltr'><strong><em>Εὐρωπαίοις</em></strong></span> <span class='ocrx_word' id='word_1_18' title='bbox 435 633 572 696; x_wconf 82' lang='grc' dir='ltr'><strong><em>ἔθνεσιν</em></strong></span> <span class='ocrx_word' id='word_1_19' title='bbox 597 624 639 696; x_wconf 88' lang='grc' dir='ltr'><strong><em>ού</em></strong></span> <span class='ocrx_word' id='word_1_20' title='bbox 662 627 767 695; x_wconf 83' lang='grc' dir='ltr'><strong><em>πολλὰ</em></strong></span> <span class='ocrx_word' id='word_1_21' title='bbox 789 622 1021 712; x_wconf 78' lang='grc' dir='ltr'><strong><em>ὑπηγάγοντο,</em></strong></span> <span class='ocrx_word' id='word_1_22' title='bbox 1045 628 1122 712; x_wconf 86' lang='grc' dir='ltr'><strong><em>χρύ-</em></strong></span> 
     </span>
     <span class='ocr_line' id='line_1_5' title="bbox 106 733 1123 825; baseline -0.003 -22"><span class='ocrx_word' id='word_1_23' title='bbox 106 762 170 803; x_wconf 92' lang='grc' dir='ltr'><strong><em>νον</em></strong></span> <span class='ocrx_word' id='word_1_24' title='bbox 192 761 227 802; x_wconf 87' lang='grc' dir='ltr'><strong><em>τε</em></strong></span> <span class='ocrx_word' id='word_1_25' title='bbox 251 733 293 804; x_wconf 89' lang='grc' dir='ltr'><strong><em>ού</em></strong></span> <span class='ocrx_word' id='word_1_26' title='bbox 316 738 428 825; x_wconf 76' lang='grc' dir='ltr'><strong><em>πολλῷ</em></strong></span> <span class='ocrx_word' id='word_1_27' title='bbox 447 739 587 802; x_wconf 85' lang='grc' dir='ltr'><strong><em>πλείονα</em></strong></span> <span class='ocrx_word' id='word_1_28' title='bbox 606 736 789 800; x_wconf 75' lang='grc' dir='ltr'><strong><em>διακοσίων</em></strong></span> <span class='ocrx_word' id='word_1_29' title='bbox 808 733 892 800; x_wconf 87' lang='grc' dir='ltr'><strong><em>ἐτῶν</em></strong></span> <span class='ocrx_word' id='word_1_30' title='bbox 911 736 1046 818; x_wconf 83' lang='grc' dir='ltr'><strong><em>ἔμειναν</em></strong></span> <span class='ocrx_word' id='word_1_31' title='bbox 1066 733 1123 800; x_wconf 83' lang='grc' dir='ltr'><strong><em>ἐπὶ</em></strong></span> 
     </span>
     <span class='ocr_line' id='line_1_6' title="bbox 65 829 1122 955; baseline -0.004 -46"><span class='ocrx_word' id='word_1_32' title='bbox 65 829 93 955; x_wconf 53' lang='grc' dir='ltr'><strong><em>’ἐξ</em></strong></span> <span class='ocrx_word' id='word_1_33' title='bbox 106 845 164 927; x_wconf 80' lang='grc' dir='ltr'><strong><em>τῆς</em></strong></span> <span class='ocrx_word' id='word_1_34' title='bbox 195 840 308 928; x_wconf 77' lang='grc' dir='ltr'><strong><em>ἀρχῆς.</em></strong></span> <span class='ocrx_word' id='word_1_35' title='bbox 353 839 374 928; x_wconf 78' lang='grc' dir='ltr'><em>ἡ</em></span> <span class='ocrx_word' id='word_1_36' title='bbox 408 841 446 909; x_wconf 83' lang='grc' dir='ltr'><strong><em>δέ</em></strong></span> <span class='ocrx_word' id='word_1_37' title='bbox 476 838 691 926; x_wconf 80' lang='grc' dir='ltr'><strong><em>Μακεδονικὴ</em></strong></span> <span class='ocrx_word' id='word_1_38' title='bbox 727 843 907 906; x_wconf 85' lang='grc' dir='ltr'><strong><em>δυναστεία</em></strong></span> <span class='ocrx_word' id='word_1_39' title='bbox 937 837 1000 925; x_wconf 84' lang='grc' dir='ltr'><strong><em>την</em></strong></span> <span class='ocrx_word' id='word_1_40' title='bbox 1031 847 1122 926; x_wconf 90' lang='grc' dir='ltr'><strong><em>Περ-</em></strong></span> 
     </span>
     <span class='ocr_line' id='line_1_7' title="bbox 108 943 1123 1034; baseline -0.002 -20"><span class='ocrx_word' id='word_1_41' title='bbox 108 951 179 1016; x_wconf 91' lang='grc' dir='ltr'><strong><em>σῶν</em></strong></span> <span class='ocrx_word' id='word_1_42' title='bbox 215 952 408 1015; x_wconf 72' lang='grc' dir='ltr'><strong><em>καθελοῦσα</em></strong></span> <span class='ocrx_word' id='word_1_43' title='bbox 445 945 544 1034; x_wconf 79' lang='grc' dir='ltr'><strong><em>ἰσχύν</em></strong></span> <span class='ocrx_word' id='word_1_44' title='bbox 580 947 714 1033; x_wconf 79' lang='grc' dir='ltr'><strong><em>μεγέθει</em></strong></span> <span class='ocrx_word' id='word_1_45' title='bbox 752 945 814 1032; x_wconf 80' lang='grc' dir='ltr'><strong><em>μέυ</em></strong></span> <span class='ocrx_word' id='word_1_46' title='bbox 850 943 955 1032; x_wconf 80' lang='grc' dir='ltr'><strong><em>άρχης</em></strong></span> <span class='ocrx_word' id='word_1_47' title='bbox 990 943 1123 1026; x_wconf 79' lang='grc' dir='ltr'><strong><em>ἁπάσας</em></strong></span> 
     </span>
     <span class='ocr_line' id='line_1_8' title="bbox 104 1049 1122 1140; baseline -0.001 -18"><span class='ocrx_word' id='word_1_48' title='bbox 104 1051 326 1140; x_wconf 78' lang='grc' dir='ltr'><strong><em>ὑπερεβάλετο</em></strong></span> <span class='ocrx_word' id='word_1_49' title='bbox 358 1053 417 1131; x_wconf 85' lang='grc' dir='ltr'><strong><em>τὰς</em></strong></span> <span class='ocrx_word' id='word_1_50' title='bbox 448 1050 513 1137; x_wconf 89' lang='grc' dir='ltr'><strong><em>πρὸ</em></strong></span> <span class='ocrx_word' id='word_1_51' title='bbox 546 1051 664 1138; x_wconf 80' lang='grc' dir='ltr'><strong><em>αὐτῆς,</em></strong></span> <span class='ocrx_word' id='word_1_52' title='bbox 697 1051 824 1139; x_wconf 86' lang='grc' dir='ltr'><strong><em>χρόνον</em></strong></span> <span class='ocrx_word' id='word_1_53' title='bbox 857 1051 894 1119; x_wconf 81' lang='grc' dir='ltr'><strong><em>δέ</em></strong></span> <span class='ocrx_word' id='word_1_54' title='bbox 922 1049 1003 1120; x_wconf 83' lang='grc' dir='ltr'><strong><em>ούδέ</em></strong></span> <span class='ocrx_word' id='word_1_55' title='bbox 1036 1049 1122 1139; x_wconf 78' lang='grc' dir='ltr'><strong><em>αὕτη</em></strong></span> 
     </span>
     <span class='ocr_line' id='line_1_9' title="bbox 106 1156 1123 1246; baseline 0 -20"><span class='ocrx_word' id='word_1_56' title='bbox 106 1158 214 1227; x_wconf 87' lang='grc' dir='ltr'><strong><em>πολύν</em></strong></span> <span class='ocrx_word' id='word_1_57' title='bbox 242 1158 409 1246; x_wconf 76' lang='grc' dir='ltr'><strong><em>ἤνθησεν,</em></strong></span> <span class='ocrx_word' id='word_1_58' title='bbox 441 1157 525 1227; x_wconf 86' lang='grc' dir='ltr'><strong><em>νἰλλά</em></strong></span> <span class='ocrx_word' id='word_1_59' title='bbox 556 1157 636 1246; x_wconf 88' lang='grc' dir='ltr'><strong><em>μετά</em></strong></span> <span class='ocrx_word' id='word_1_60' title='bbox 670 1157 732 1245; x_wconf 80' lang='grc' dir='ltr'><strong><em>τὴν</em></strong></span> <span class='ocrx_word' id='word_1_61' title='bbox 757 1156 979 1244; x_wconf 79' lang='grc' dir='ltr'><strong><em>Ἀλεξάνδρου</em></strong></span> <span class='ocrx_word' id='word_1_62' title='bbox 1011 1165 1123 1226; x_wconf 84' lang='grc' dir='ltr'><strong><em>τελευ-</em></strong></span> 
     </span>
     <span class='ocr_line' id='line_1_10' title="bbox 105 1264 1122 1353; baseline -0.002 -20"><span class='ocrx_word' id='word_1_63' title='bbox 105 1264 169 1352; x_wconf 75' lang='grc' dir='ltr'><strong><em>τὴν</em></strong></span> <span class='ocrx_word' id='word_1_64' title='bbox 188 1267 241 1334; x_wconf 85' lang='grc' dir='ltr'><strong><em>ἐπὶ</em></strong></span> <span class='ocrx_word' id='word_1_65' title='bbox 254 1265 292 1334; x_wconf 85' lang='grc' dir='ltr'><strong><em>τὸ</em></strong></span> <span class='ocrx_word' id='word_1_66' title='bbox 307 1280 421 1353; x_wconf 80' lang='grc' dir='ltr'><strong><em>χεῖρον</em></strong></span> <span class='ocrx_word' id='word_1_67' title='bbox 435 1265 557 1353; x_wconf 77' lang='grc' dir='ltr'><strong><em>ἤρξατο</em></strong></span> <span class='ocrx_word' id='word_1_68' title='bbox 577 1268 750 1351; x_wconf 84' lang='grc' dir='ltr'><strong><em>φέρεσθαι.</em></strong></span> <span class='ocrx_word' id='word_1_69' title='bbox 788 1268 1036 1332; x_wconf 75' lang='grc' dir='ltr'><strong><em>διασπασθεῖσα</em></strong></span> <span class='ocrx_word' id='word_1_70' title='bbox 1054 1264 1122 1352; x_wconf 88' lang='grc' dir='ltr'><strong><em>γὰρ</em></strong></span> 
     </span>
     <span class='ocr_line' id='line_1_11' title="bbox 67 1369 1161 1459; baseline 0.003 -19"><span class='ocrx_word' id='word_1_71' title='bbox 67 1393 93 1432; x_wconf 85' lang='lat'><strong><em>10</em></strong></span> <span class='ocrx_word' id='word_1_72' title='bbox 107 1376 155 1451; x_wconf 85' lang='grc' dir='ltr'><strong><em>είς</em></strong></span> <span class='ocrx_word' id='word_1_73' title='bbox 176 1371 322 1452; x_wconf 89' lang='grc' dir='ltr'><strong><em>πολλούς</em></strong></span> <span class='ocrx_word' id='word_1_74' title='bbox 348 1370 517 1459; x_wconf 80' lang='grc' dir='ltr'><strong><em>ἡγεμόνας</em></strong></span> <span class='ocrx_word' id='word_1_75' title='bbox 544 1369 650 1450; x_wconf 82' lang='grc' dir='ltr'><strong><em>εὐθὺς</em></strong></span> <span class='ocrx_word' id='word_1_76' title='bbox 677 1370 742 1439; x_wconf 85' lang='grc' dir='ltr'><strong><em>άπὸ</em></strong></span> <span class='ocrx_word' id='word_1_77' title='bbox 769 1375 838 1439; x_wconf 84' lang='grc' dir='ltr'><strong><em>τῶν</em></strong></span> <span class='ocrx_word' id='word_1_78' title='bbox 868 1369 1037 1458; x_wconf 86' lang='grc' dir='ltr'><strong><em>διαδόχων</em></strong></span> <span class='ocrx_word' id='word_1_79' title='bbox 1063 1372 1122 1439; x_wconf 78' lang='grc' dir='ltr'><strong><em>καὶ</em></strong></span> <span class='ocrx_word' id='word_1_80' title='bbox 1143 1395 1161 1444; x_wconf 83' lang='grc'>8</span> 
     </span>
     <span class='ocr_line' id='line_1_12' title="bbox 107 1473 1124 1565; baseline 0.001 -20"><span class='ocrx_word' id='word_1_81' title='bbox 107 1477 175 1565; x_wconf 87' lang='grc' dir='ltr'><strong><em>μετ’</em></strong></span> <span class='ocrx_word' id='word_1_82' title='bbox 207 1479 355 1558; x_wconf 78' lang='grc' dir='ltr'><strong><em>ἐκείνους</em></strong></span> <span class='ocrx_word' id='word_1_83' title='bbox 383 1480 462 1565; x_wconf 85' lang='grc' dir='ltr'><strong><em>άχρι</em></strong></span> <span class='ocrx_word' id='word_1_84' title='bbox 493 1482 552 1565; x_wconf 76' lang='grc' dir='ltr'><strong><em>τῆς</em></strong></span> <span class='ocrx_word' id='word_1_85' title='bbox 581 1479 736 1564; x_wconf 77' lang='grc' dir='ltr'><strong><em>δευτέρας</em></strong></span> <span class='ocrx_word' id='word_1_86' title='bbox 763 1473 784 1563; x_wconf 78' lang='grc' dir='ltr'><em>ἢ</em></span> <span class='ocrx_word' id='word_1_87' title='bbox 812 1482 924 1563; x_wconf 84' lang='grc' dir='ltr'><strong><em>τρίτης</em></strong></span> <span class='ocrx_word' id='word_1_88' title='bbox 956 1477 1124 1564; x_wconf 78' lang='grc' dir='ltr'><strong><em>ἰσχύσασα</em></strong></span> 
     </span>
     <span class='ocr_line' id='line_1_13' title="bbox 106 1580 1122 1671; baseline 0.002 -19"><span class='ocrx_word' id='word_1_89' title='bbox 106 1590 287 1668; x_wconf 86' lang='grc' dir='ltr'><strong><em>προελθεῖν</em></strong></span> <span class='ocrx_word' id='word_1_90' title='bbox 317 1588 448 1670; x_wconf 84' lang='grc' dir='ltr'><strong><em>γενεάς,</em></strong></span> <span class='ocrx_word' id='word_1_91' title='bbox 477 1582 626 1669; x_wconf 79' lang='grc' dir='ltr'><strong><em>ἀσθενὴς</em></strong></span> <span class='ocrx_word' id='word_1_92' title='bbox 653 1581 736 1670; x_wconf 76' lang='grc' dir='ltr'><strong><em>κύτη</em></strong></span> <span class='ocrx_word' id='word_1_93' title='bbox 767 1580 811 1651; x_wconf 88' lang='grc' dir='ltr'><strong><em>δι’</em></strong></span> <span class='ocrx_word' id='word_1_94' title='bbox 843 1585 962 1670; x_wconf 78' lang='grc' dir='ltr'><strong><em>ἑαυτῆς</em></strong></span> <span class='ocrx_word' id='word_1_95' title='bbox 990 1587 1122 1671; x_wconf 87' lang='grc' dir='ltr'><strong><em>ἐγένετο</em></strong></span> 
     </span>
     <span class='ocr_line' id='line_1_14' title="bbox 66 1685 1125 1776; baseline 0.003 -20"><span class='ocrx_word' id='word_1_96' title='bbox 66 1685 163 1757; x_wconf 82' lang='grc' dir='ltr'><strong><em>4καὶ</em></strong></span> <span class='ocrx_word' id='word_1_97' title='bbox 193 1693 378 1757; x_wconf 79' lang='grc' dir='ltr'><strong><em>τελευτῶσα</em></strong></span> <span class='ocrx_word' id='word_1_98' title='bbox 410 1688 476 1757; x_wconf 85' lang='grc' dir='ltr'><strong><em>ὑπὸ</em></strong></span> <span class='ocrx_word' id='word_1_99' title='bbox 505 1687 677 1776; x_wconf 88' lang='grc' dir='ltr'><strong><em>Ῥωμαίων</em></strong></span> <span class='ocrx_word' id='word_1_100' title='bbox 709 1687 894 1775; x_wconf 78' lang='grc' dir='ltr'><strong><em>ἠφανίσθη.</em></strong></span> <span class='ocrx_word' id='word_1_101' title='bbox 952 1691 1008 1758; x_wconf 85' lang='grc' dir='ltr'><strong><em>καὶ</em></strong></span> <span class='ocrx_word' id='word_1_102' title='bbox 1040 1689 1125 1760; x_wconf 75' lang='grc' dir='ltr'><strong><em>ούδέ</em></strong></span> 
     </span>
     <span class='ocr_line' id='line_1_15' title="bbox 107 1794 1124 1883; baseline 0.003 -20"><span class='ocrx_word' id='word_1_103' title='bbox 107 1794 190 1882; x_wconf 85' lang='grc' dir='ltr'><strong><em>αύτη</em></strong></span> <span class='ocrx_word' id='word_1_104' title='bbox 219 1797 333 1882; x_wconf 86' lang='grc' dir='ltr'><strong><em>μέντοι</em></strong></span> <span class='ocrx_word' id='word_1_105' title='bbox 361 1799 472 1863; x_wconf 84' lang='grc' dir='ltr'><strong><em>πᾶσαν</em></strong></span> <span class='ocrx_word' id='word_1_106' title='bbox 500 1795 677 1883; x_wconf 82' lang='grc' dir='ltr'><strong><em>ἐποιήσατο</em></strong></span> <span class='ocrx_word' id='word_1_107' title='bbox 707 1801 772 1883; x_wconf 79' lang='grc' dir='ltr'><strong><em>γῆν</em></strong></span> <span class='ocrx_word' id='word_1_108' title='bbox 798 1823 833 1864; x_wconf 85' lang='grc' dir='ltr'><strong><em>τε</em></strong></span> <span class='ocrx_word' id='word_1_109' title='bbox 860 1797 915 1864; x_wconf 87' lang='grc' dir='ltr'><strong><em>καλ</em></strong></span> <span class='ocrx_word' id='word_1_110' title='bbox 943 1796 1124 1867; x_wconf 91' lang='grc' dir='ltr'><strong><em>θάλασσαν</em></strong></span> 
     </span>
     <span class='ocr_line' id='line_1_16' title="bbox 67 1899 1123 1998; baseline 0.004 -30"><span class='ocrx_word' id='word_1_111' title='bbox 67 1921 93 1962; x_wconf 78' lang='lat'><strong><em>15</em></strong></span> <span class='ocrx_word' id='word_1_112' title='bbox 107 1901 272 1988; x_wconf 85' lang='grc' dir='ltr'><strong><em>ὑπήκοον·</em></strong></span> <span class='ocrx_word' id='word_1_113' title='bbox 305 1899 383 1969; x_wconf 85' lang='grc' dir='ltr'><strong><em>ούτε</em></strong></span> <span class='ocrx_word' id='word_1_114' title='bbox 404 1900 469 1986; x_wconf 82' lang='grc' dir='ltr'><strong><em>γάρ</em></strong></span> <span class='ocrx_word' id='word_1_115' title='bbox 493 1901 623 1988; x_wconf 83' lang='grc' dir='ltr'><strong><em>Λιβύης</em></strong></span> <span class='ocrx_word' id='word_1_116' title='bbox 642 1900 693 1971; x_wconf 84' lang='grc' dir='ltr'><strong><em>ὅτι</em></strong></span> <span class='ocrx_word' id='word_1_117' title='bbox 712 1902 756 1989; x_wconf 83' lang='grc' dir='ltr'><strong><em>μη</em></strong></span> <span class='ocrx_word' id='word_1_118' title='bbox 779 1907 838 1989; x_wconf 78' lang='grc' dir='ltr'><strong><em>τῆς</em></strong></span> <span class='ocrx_word' id='word_1_119' title='bbox 860 1903 942 1990; x_wconf 88' lang='grc' dir='ltr'><strong><em>πρὸς</em></strong></span> <span class='ocrx_word' id='word_1_120' title='bbox 960 1904 1123 1998; x_wconf 75' lang='grc' dir='ltr'><strong><em>Αἰγύπτῳ</em></strong></span> 
     </span>
     <span class='ocr_line' id='line_1_17' title="bbox 108 2005 1124 2100; baseline 0.003 -24"><span class='ocrx_word' id='word_1_121' title='bbox 108 2005 150 2076; x_wconf 90' lang='grc' dir='ltr'><strong><em>ού</em></strong></span> <span class='ocrx_word' id='word_1_122' title='bbox 185 2010 311 2094; x_wconf 78' lang='grc' dir='ltr'><strong><em>πολλῆς</em></strong></span> <span class='ocrx_word' id='word_1_123' title='bbox 353 2005 455 2093; x_wconf 90' lang='grc' dir='ltr'><strong><em>ούσης</em></strong></span> <span class='ocrx_word' id='word_1_124' title='bbox 496 2008 692 2095; x_wconf 84' lang='grc' dir='ltr'><strong><em>ἐκράτησεν,</em></strong></span> <span class='ocrx_word' id='word_1_125' title='bbox 733 2008 811 2077; x_wconf 78' lang='grc' dir='ltr'><strong><em>οὔτε</em></strong></span> <span class='ocrx_word' id='word_1_126' title='bbox 850 2010 914 2096; x_wconf 81' lang='grc' dir='ltr'><strong><em>τὴν</em></strong></span> <span class='ocrx_word' id='word_1_127' title='bbox 950 2007 1124 2100; x_wconf 79' lang='grc' dir='ltr'><strong><em>Εὐρώπην</em></strong></span> 
     </span>
     <span class='ocr_line' id='line_1_18' title="bbox 107 2111 1124 2205; baseline 0.006 -24"><span class='ocrx_word' id='word_1_128' title='bbox 107 2112 191 2200; x_wconf 81' lang='grc' dir='ltr'><strong><em>ὅλην</em></strong></span> <span class='ocrx_word' id='word_1_129' title='bbox 214 2111 419 2200; x_wconf 84' lang='grc' dir='ltr'><strong><em>ὑπηγάγετο,</em></strong></span> <span class='ocrx_word' id='word_1_130' title='bbox 444 2112 528 2182; x_wconf 84' lang='grc' dir='ltr'><strong><em>άλλά</em></strong></span> <span class='ocrx_word' id='word_1_131' title='bbox 552 2119 621 2182; x_wconf 87' lang='grc' dir='ltr'><strong><em>τῶν</em></strong></span> <span class='ocrx_word' id='word_1_132' title='bbox 641 2114 702 2202; x_wconf 74' lang='grc' dir='ltr'><strong><em>μὲν</em></strong></span> <span class='ocrx_word' id='word_1_133' title='bbox 721 2121 865 2201; x_wconf 87' lang='grc' dir='ltr'><strong><em>βορείων</em></strong></span> <span class='ocrx_word' id='word_1_134' title='bbox 884 2113 986 2203; x_wconf 80' lang='grc' dir='ltr'><strong><em>αὐτῆς</em></strong></span> <span class='ocrx_word' id='word_1_135' title='bbox 1009 2123 1124 2205; x_wconf 80' lang='grc' dir='ltr'><strong><em>μερῶν</em></strong></span> 
     </span>
     <span class='ocr_line' id='line_1_19' title="bbox 107 2220 1126 2312; baseline 0.005 -25"><span class='ocrx_word' id='word_1_136' title='bbox 107 2220 203 2308; x_wconf 84' lang='grc' dir='ltr'><strong><em>μέχρι</em></strong></span> <span class='ocrx_word' id='word_1_137' title='bbox 230 2220 364 2310; x_wconf 77' lang='grc' dir='ltr'><strong><em>Θράκης</em></strong></span> <span class='ocrx_word' id='word_1_138' title='bbox 390 2225 558 2310; x_wconf 81' lang='grc' dir='ltr'><strong><em>προῆλθε,</em></strong></span> <span class='ocrx_word' id='word_1_139' title='bbox 590 2225 658 2289; x_wconf 87' lang='grc' dir='ltr'><strong><em>τῶν</em></strong></span> <span class='ocrx_word' id='word_1_140' title='bbox 687 2220 718 2289; x_wconf 87' lang='grc' dir='ltr'><strong><em>δ’</em></strong></span> <span class='ocrx_word' id='word_1_141' title='bbox 751 2223 912 2308; x_wconf 83' lang='grc' dir='ltr'><strong><em>ἑσπερίων</em></strong></span> <span class='ocrx_word' id='word_1_142' title='bbox 941 2225 1035 2311; x_wconf 77' lang='grc' dir='ltr'><strong><em>μέχρι</em></strong></span> <span class='ocrx_word' id='word_1_143' title='bbox 1063 2230 1126 2312; x_wconf 80' lang='grc' dir='ltr'><strong><em>τῆς</em></strong></span> 
     </span>
     <span class='ocr_line' id='line_1_20' title="bbox 104 2324 632 2414; baseline 0.006 -21"><span class='ocrx_word' id='word_1_144' title='bbox 104 2324 281 2412; x_wconf 77' lang='grc' dir='ltr'><strong><em>Ἀδριανῆς</em></strong></span> <span class='ocrx_word' id='word_1_145' title='bbox 304 2329 425 2414; x_wconf 82' lang='grc' dir='ltr'><strong><em>κατέβη</em></strong></span> <span class='ocrx_word' id='word_1_146' title='bbox 449 2327 632 2414; x_wconf 86' lang='grc' dir='ltr'><strong><em>θαλάσσης.</em></strong></span> 
     </span>
     <span class='ocr_line' id='line_1_21' title="bbox 67 2425 1124 2526; baseline 0.006 -24"><span class='ocrx_word' id='word_1_147' title='bbox 67 2463 94 2502; x_wconf 81' lang='grc' dir='ltr'><strong><em>ιο</em></strong></span> <span class='ocrx_word' id='word_1_148' title='bbox 197 2435 254 2500; x_wconf 89' lang='grc' dir='ltr'><strong>ΙΙΙ.</strong></span> <span class='ocrx_word' id='word_1_149' title='bbox 278 2437 328 2502; x_wconf 73' lang='lat' dir='ltr'><strong><em>Ac</em></strong></span> <span class='ocrx_word' id='word_1_150' title='bbox 349 2433 410 2520; x_wconf 72' lang='grc' dir='ltr'><strong><em>μὲν</em></strong></span> <span class='ocrx_word' id='word_1_151' title='bbox 429 2425 493 2502; x_wconf 89' lang='grc' dir='ltr'><strong><em>ούν</em></strong></span> <span class='ocrx_word' id='word_1_152' title='bbox 512 2436 769 2522; x_wconf 76' lang='grc' dir='ltr'><strong><em>ἐπιφανέσταται</em></strong></span> <span class='ocrx_word' id='word_1_153' title='bbox 786 2440 854 2504; x_wconf 90' lang='grc' dir='ltr'><strong><em>τῶν</em></strong></span> <span class='ocrx_word' id='word_1_154' title='bbox 872 2435 1024 2523; x_wconf 86' lang='grc' dir='ltr'><strong><em>πρόσθεν</em></strong></span> <span class='ocrx_word' id='word_1_155' title='bbox 1048 2435 1124 2526; x_wconf 81' lang='grc' dir='ltr'><strong><em>ἡγε-</em></strong></span> 
     </span>
     <span class='ocr_line' id='line_1_22' title="bbox 107 2536 1125 2632; baseline 0.007 -25"><span class='ocrx_word' id='word_1_156' title='bbox 107 2542 252 2624; x_wconf 86' lang='grc' dir='ltr'><strong><em>μονιῶν,</em></strong></span> <span class='ocrx_word' id='word_1_157' title='bbox 275 2536 315 2618; x_wconf 77' lang='grc' dir='ltr'><strong><em>ἃς</em></strong></span> <span class='ocrx_word' id='word_1_158' title='bbox 337 2540 590 2629; x_wconf 79' lang='grc' dir='ltr'><strong><em>παρειλήφαμεν</em></strong></span> <span class='ocrx_word' id='word_1_159' title='bbox 620 2543 654 2608; x_wconf 94' lang='grc' dir='ltr'><strong><em>ἐκ</em></strong></span> <span class='ocrx_word' id='word_1_160' title='bbox 682 2546 740 2627; x_wconf 78' lang='grc' dir='ltr'><strong><em>τῆς</em></strong></span> <span class='ocrx_word' id='word_1_161' title='bbox 763 2544 925 2629; x_wconf 84' lang='grc' dir='ltr'><strong><em>ίστορίας,</em></strong></span> <span class='ocrx_word' id='word_1_162' title='bbox 953 2545 1125 2632; x_wconf 83' lang='grc' dir='ltr'><strong><em>τοσαύτην</em></strong></span> 
     </span>
     <span class='ocr_line' id='line_1_23' title="bbox 106 2642 1124 2741; baseline 0.008 -30"><span class='ocrx_word' id='word_1_163' title='bbox 106 2642 217 2730; x_wconf 83' lang='grc' dir='ltr'><strong><em>άκμήυ</em></strong></span> <span class='ocrx_word' id='word_1_164' title='bbox 240 2647 352 2712; x_wconf 81' lang='grc' dir='ltr'><strong><em>τεκαὶ</em></strong></span> <span class='ocrx_word' id='word_1_165' title='bbox 376 2645 474 2732; x_wconf 83' lang='grc' dir='ltr'><strong><em>ἰσχύν</em></strong></span> <span class='ocrx_word' id='word_1_166' title='bbox 502 2651 666 2733; x_wconf 82' lang='grc' dir='ltr'><strong><em>λαβοῦσαι</em></strong></span> <span class='ocrx_word' id='word_1_167' title='bbox 693 2647 942 2735; x_wconf 88' lang='grc' dir='ltr'><strong><em>κατελύθησαν·</em></strong></span> <span class='ocrx_word' id='word_1_168' title='bbox 975 2648 1034 2730; x_wconf 83' lang='grc' dir='ltr'><strong><em>τάς</em></strong></span> <span class='ocrx_word' id='word_1_169' title='bbox 1056 2650 1124 2741; x_wconf 84' lang='grc' dir='ltr'><strong><em>γὰρ</em></strong></span> 
     </span>
     <span class='ocr_line' id='line_1_24' title="bbox 102 2747 1125 2841; baseline 0.012 -25"><span class='ocrx_word' id='word_1_170' title='bbox 102 2747 296 2836; x_wconf 82' lang='grc' dir='ltr'><strong><em>Ἑλληνικάς</em></strong></span> <span class='ocrx_word' id='word_1_171' title='bbox 324 2750 484 2838; x_wconf 88' lang='grc' dir='ltr'><strong><em>δυνάμεις</em></strong></span> <span class='ocrx_word' id='word_1_172' title='bbox 514 2750 576 2820; x_wconf 89' lang='grc' dir='ltr'><strong><em>ούκ</em></strong></span> <span class='ocrx_word' id='word_1_173' title='bbox 609 2751 703 2833; x_wconf 81' lang='grc' dir='ltr'><strong><em>άξιον</em></strong></span> <span class='ocrx_word' id='word_1_174' title='bbox 731 2751 847 2834; x_wconf 84' lang='grc' dir='ltr'><strong><em>αύταῐς</em></strong></span> <span class='ocrx_word' id='word_1_175' title='bbox 870 2751 1125 2841; x_wconf 52' lang='grc' dir='ltr'><strong><em>άντιπαρεξετάν</em></strong></span> 
     </span>
     <span class='ocr_line' id='line_1_25' title="bbox 108 2854 1125 2950; baseline 0.01 -28"><span class='ocrx_word' id='word_1_176' title='bbox 108 2863 189 2941; x_wconf 80' lang='grc' dir='ltr'><strong><em>ζειν,</em></strong></span> <span class='ocrx_word' id='word_1_177' title='bbox 227 2854 303 2924; x_wconf 87' lang='grc' dir='ltr'><strong><em>ούτε</em></strong></span> <span class='ocrx_word' id='word_1_178' title='bbox 335 2857 477 2943; x_wconf 83' lang='grc' dir='ltr'><strong><em>μέγεθος</em></strong></span> <span class='ocrx_word' id='word_1_179' title='bbox 513 2855 617 2945; x_wconf 78' lang='grc' dir='ltr'><strong><em>ἀρχῆς</em></strong></span> <span class='ocrx_word' id='word_1_180' title='bbox 654 2856 731 2926; x_wconf 86' lang='grc' dir='ltr'><strong><em>ούτε</em></strong></span> <span class='ocrx_word' id='word_1_181' title='bbox 766 2859 893 2946; x_wconf 84' lang='grc' dir='ltr'><strong><em>χρόνον</em></strong></span> <span class='ocrx_word' id='word_1_182' title='bbox 926 2864 1125 2950; x_wconf 82' lang='grc' dir='ltr'><strong><em>ἐπιφανείας</em></strong></span> 
     </span>
    </p>
   </div>
   <div class='ocr_carea' id='block_1_3' title="bbox 64 3082 1124 3580">
    <p class='ocr_par' dir='ltr' id='par_1_3' title="bbox 64 3082 1124 3580">
     <span class='ocr_line' id='line_1_26' title="bbox 64 3082 1124 3162; baseline 0.012 -25"><span class='ocrx_word' id='word_1_183' title='bbox 64 3105 65 3109; x_wconf 61' lang='grc'>’</span> <span class='ocrx_word' id='word_1_184' title='bbox 178 3092 193 3138; x_wconf 89' lang='grc'><strong>3</strong></span> <span class='ocrx_word' id='word_1_185' title='bbox 213 3082 323 3154; x_wconf 87' lang='grc' dir='ltr'><strong><em>χρόνων</em></strong></span> <span class='ocrx_word' id='word_1_186' title='bbox 342 3105 371 3139; x_wconf 88' lang='grc' dir='ltr'><strong><em>τε</em></strong></span> <span class='ocrx_word' id='word_1_187' title='bbox 392 3082 426 3141; x_wconf 88' lang='grc' dir='ltr'><strong><em>ού</em></strong></span> <span class='ocrx_word' id='word_1_188' title='bbox 446 3089 537 3157; x_wconf 81' lang='grc' dir='ltr'><strong><em>πολλῷ</em></strong></span> <span class='ocrx_word' id='word_1_189' title='bbox 556 3092 654 3143; x_wconf 85' lang='grc' dir='ltr'><strong><em>πλεῖον</em></strong></span> <span class='ocrx_word' id='word_1_190' title='bbox 674 3091 825 3145; x_wconf 86' lang='grc' dir='ltr'><strong><em>διακοσίων</em></strong></span> <span class='ocrx_word' id='word_1_191' title='bbox 844 3089 998 3162; x_wconf 76' lang='grc' dir='ltr'><strong><em>ἐμεινανΒ</em></strong></span> <span class='ocrx_word' id='word_1_192' title='bbox 1018 3096 1048 3148; x_wconf 76' lang='grc' dir='ltr'><strong><em>ολ</em></strong></span> <span class='ocrx_word' id='word_1_193' title='bbox 1067 3095 1124 3152; x_wconf 76' lang='lat' dir='ltr'>nisi</span> 
     </span>
     <span class='ocr_line' id='line_1_27' title="bbox 108 3154 1123 3236; baseline 0.011 -27"><span class='ocrx_word' id='word_1_194' title='bbox 108 3157 182 3225; x_wconf 89' lang='lat' dir='ltr'>quod</span> <span class='ocrx_word' id='word_1_195' title='bbox 201 3155 286 3210; x_wconf 81' lang='grc' dir='ltr'><strong><em>πλέον</em></strong></span> <span class='ocrx_word' id='word_1_196' title='bbox 305 3157 404 3212; x_wconf 75' lang='lat' dir='ltr'>Suidas</span> <span class='ocrx_word' id='word_1_197' title='bbox 477 3164 492 3211; x_wconf 99' lang='grc'><strong>7</strong></span> <span class='ocrx_word' id='word_1_198' title='bbox 514 3162 543 3214; x_wconf 78' lang='lat' dir='ltr'><strong><em>et</em></strong></span> <span class='ocrx_word' id='word_1_199' title='bbox 562 3165 596 3212; x_wconf 82' lang='lat'><strong><em>14</em></strong></span> <span class='ocrx_word' id='word_1_200' title='bbox 616 3154 687 3228; x_wconf 85' lang='grc' dir='ltr'><strong><em>αύτη</em></strong></span> <span class='ocrx_word' id='word_1_201' title='bbox 712 3163 848 3216; x_wconf 82' lang='lat' dir='ltr'>Bflcheler</span> <span class='ocrx_word' id='word_1_202' title='bbox 872 3159 943 3231; x_wconf 85' lang='grc' dir='ltr'><strong><em>αύτή</em></strong></span> <span class='ocrx_word' id='word_1_203' title='bbox 964 3163 986 3218; x_wconf 92' lang='lat'>0</span> <span class='ocrx_word' id='word_1_204' title='bbox 1004 3166 1007 3236; x_wconf 69' lang='grc' dir='ltr'><strong><em>λ</em></strong></span> <span class='ocrx_word' id='word_1_205' title='bbox 1025 3161 1123 3235; x_wconf 81' lang='grc' dir='ltr'><strong><em>ἐποιή-</em></strong></span> 
     </span>
     <span class='ocr_line' id='line_1_28' title="bbox 108 3224 1122 3305; baseline 0.011 -25"><span class='ocrx_word' id='word_1_206' title='bbox 108 3245 175 3280; x_wconf 90' lang='grc' dir='ltr'><strong><em>σατο</em></strong></span> <span class='ocrx_word' id='word_1_207' title='bbox 198 3228 293 3281; x_wconf 81' lang='grc' dir='ltr'><strong><em>πᾶσαν</em></strong></span> <span class='ocrx_word' id='word_1_208' title='bbox 316 3229 338 3281; x_wconf 94' lang='grc' dir='ltr'><strong>Β</strong></span> <span class='ocrx_word' id='word_1_209' title='bbox 431 3235 464 3283; x_wconf 85' lang='grc'><strong><em>16</em></strong></span> <span class='ocrx_word' id='word_1_210' title='bbox 488 3224 521 3284; x_wconf 90' lang='grc' dir='ltr'><strong><em>ού</em></strong></span> <span class='ocrx_word' id='word_1_211' title='bbox 548 3232 650 3298; x_wconf 79' lang='grc' dir='ltr'><strong><em>πολλῆς</em></strong></span> <span class='ocrx_word' id='word_1_212' title='bbox 679 3232 858 3287; x_wconf 81' lang='lat' dir='ltr'><strong>Oasaubonus</strong></span> <span class='ocrx_word' id='word_1_213' title='bbox 882 3233 919 3286; x_wconf 80' lang='lat' dir='ltr'><strong><em>ad</em></strong></span> <span class='ocrx_word' id='word_1_214' title='bbox 941 3234 1040 3305; x_wconf 84' lang='lat' dir='ltr'><strong>Polyb.</strong></span> <span class='ocrx_word' id='word_1_215' title='bbox 1065 3239 1122 3305; x_wconf 77' lang='lat'><strong><em>1‚2</em></strong></span> 
     </span>
     <span class='ocr_line' id='line_1_29' title="bbox 106 3293 1124 3379; baseline 0.012 -28"><span class='ocrx_word' id='word_1_216' title='bbox 106 3299 209 3366; x_wconf 80' lang='grc' dir='ltr'><strong><em>πολλῆς</em></strong></span> <span class='ocrx_word' id='word_1_217' title='bbox 232 3293 285 3352; x_wconf 90' lang='grc' dir='ltr'><strong><em>ούκ</em></strong></span> <span class='ocrx_word' id='word_1_218' title='bbox 310 3293 396 3368; x_wconf 87' lang='grc' dir='ltr'><strong><em>ούοης</em></strong></span> <span class='ocrx_word' id='word_1_219' title='bbox 420 3299 544 3369; x_wconf 78' lang='lat' dir='ltr'>Rjtschl,</span> <span class='ocrx_word' id='word_1_220' title='bbox 570 3299 707 3370; x_wconf 78' lang='lat' dir='ltr'>Sintenis,</span> <span class='ocrx_word' id='word_1_221' title='bbox 726 3303 880 3373; x_wconf 82' lang='lat' dir='ltr'>Kiessling‚</span> <span class='ocrx_word' id='word_1_222' title='bbox 918 3299 1013 3374; x_wconf 84' lang='grc' dir='ltr'><strong><em>ὀλίγης</em></strong></span> <span class='ocrx_word' id='word_1_223' title='bbox 1037 3303 1124 3379; x_wconf 87' lang='grc' dir='ltr'><strong><em>ούσης</em></strong></span> 
     </span>
     <span class='ocr_line' id='line_1_30' title="bbox 107 3369 1123 3443; baseline 0.014 -22"><span class='ocrx_word' id='word_1_224' title='bbox 107 3369 235 3423; x_wconf 81' lang='lat' dir='ltr'>Meineke</span> <span class='ocrx_word' id='word_1_225' title='bbox 256 3371 325 3424; x_wconf 86' lang='lat' dir='ltr'>Ann.</span> <span class='ocrx_word' id='word_1_226' title='bbox 345 3369 414 3439; x_wconf 85' lang='lat' dir='ltr'><strong>phil.</strong></span> <span class='ocrx_word' id='word_1_227' title='bbox 436 3376 504 3425; x_wconf 89' lang='grc'>1863</span> <span class='ocrx_word' id='word_1_228' title='bbox 524 3390 556 3441; x_wconf 88' lang='lat' dir='ltr'><strong><em>p.</em></strong></span> <span class='ocrx_word' id='word_1_229' title='bbox 574 3377 626 3426; x_wconf 88' lang='grc'><strong><em>371</em></strong></span> <span class='ocrx_word' id='word_1_230' title='bbox 663 3371 751 3436; x_wconf 82' lang='grc' dir='ltr'><strong><em>πέλας</em></strong></span> <span class='ocrx_word' id='word_1_231' title='bbox 773 3369 858 3443; x_wconf 86' lang='grc' dir='ltr'><strong><em>ούσης</em></strong></span> <span class='ocrx_word' id='word_1_232' title='bbox 881 3374 1026 3431; x_wconf 82' lang='lat' dir='ltr'><strong>Meutzner</strong></span> <span class='ocrx_word' id='word_1_233' title='bbox 1050 3379 1123 3436; x_wconf 83' lang='lat' dir='ltr'><strong>Ann.</strong></span> 
     </span>
     <span class='ocr_line' id='line_1_31' title="bbox 107 3439 1122 3520; baseline 0.012 -28"><span class='ocrx_word' id='word_1_234' title='bbox 107 3440 177 3510; x_wconf 88' lang='lat' dir='ltr'>phil.</span> <span class='ocrx_word' id='word_1_235' title='bbox 205 3445 273 3494; x_wconf 89' lang='grc'><strong>1877</strong></span> <span class='ocrx_word' id='word_1_236' title='bbox 296 3459 323 3510; x_wconf 82' lang='grc' dir='ltr'><strong><em>μ,</em></strong></span> <span class='ocrx_word' id='word_1_237' title='bbox 344 3447 395 3495; x_wconf 87' lang='grc'><strong><em>817</em></strong></span> <span class='ocrx_word' id='word_1_238' title='bbox 488 3448 521 3496; x_wconf 84' lang='grc'><strong><em>18</em></strong></span> <span class='ocrx_word' id='word_1_239' title='bbox 546 3439 634 3512; x_wconf 88' lang='grc' dir='ltr'><strong><em>μόνον</em></strong></span> <span class='ocrx_word' id='word_1_240' title='bbox 658 3447 722 3513; x_wconf 78' lang='lat' dir='ltr'>post</span> <span class='ocrx_word' id='word_1_241' title='bbox 746 3441 859 3520; x_wconf 79' lang='grc' dir='ltr'><strong><em>Θρᾴκης</em></strong></span> <span class='ocrx_word' id='word_1_242' title='bbox 882 3446 929 3500; x_wconf 86' lang='lat' dir='ltr'><strong><em>vel</em></strong></span> <span class='ocrx_word' id='word_1_243' title='bbox 951 3449 1017 3517; x_wconf 73' lang='lat' dir='ltr'><strong>post</strong></span> <span class='ocrx_word' id='word_1_244' title='bbox 1038 3446 1122 3520; x_wconf 80' lang='grc' dir='ltr'><strong><em>Ἀδρι-</em></strong></span> 
     </span>
     <span class='ocr_line' id='line_1_32' title="bbox 107 3511 382 3580; baseline 0.011 -16"><span class='ocrx_word' id='word_1_245' title='bbox 107 3512 177 3580; x_wconf 79' lang='grc' dir='ltr'><strong><em>ανῆς</em></strong></span> <span class='ocrx_word' id='word_1_246' title='bbox 196 3512 259 3566; x_wconf 79' lang='lat' dir='ltr'>add.</span> <span class='ocrx_word' id='word_1_247' title='bbox 278 3511 382 3567; x_wconf 80' lang='lat' dir='ltr'><strong>Reiske</strong></span> 
     </span>
    </p>
   </div>
   <div class='ocr_carea' id='block_1_4' title="bbox 0 0 1233 3916">
    <p class='ocr_par' dir='ltr' id='par_1_4' title="bbox 0 0 1233 3916">
     <span class='ocr_line' id='line_1_33' title="bbox 0 0 1233 3916; baseline 0 0"><span class='ocrx_word' id='word_1_248' title='bbox 0 0 1233 3916; x_wconf 95' lang='lat' dir='ltr'><strong><em> </em></strong></span> 
     </span>
    </p>
   </div>
  </div>
 </body>
</html>
