2454 3916
491 204 656 259 ..η-

157 364 333 431 LXXXVI.
360 361 499 451 Χρόνου
523 364 674 441 δέτινος
697 361 864 454 ἐντούτῳ
889 365 1083 451 διαγενομέ-

65 498 142 556 νου,
165 467 279 556 ἐπειδὴ
305 467 407 538 οὐδέν
430 472 582 558 ἐμειοῦτο
607 467 689 556 <τδ>
712 472 771 556 τῆς
794 471 954 556 στάσεως,
978 468 1081 552 δόξαν

65 575 196 665 ἀμφοῖν
210 586 256 669 τῷ
271 575 498 665 μητροπάτορι
513 576 685 663 ἐπιτρέψαι
698 580 854 665 παρῆσαν
869 581 916 656 είς
929 575 992 664 τὴν
1004 576 1082 646 ’Ἁλ-

64 689 140 769 δαν.
173 680 192 751 ὁ
211 683 249 758 δὲ,
267 677 381 764 αὐτοῖς
397 687 502 753 ταύτα
520 681 729 752 ὑποτίθεται·
753 681 856 763 θεοὺς
874 682 1083 770 ποιήσασθαι

64 789 242 876 δικαστάς,
273 787 438 878 ὁποτέρου
470 789 533 879 χρὴ
566 790 628 878 τὴν
655 788 813 860 ἀποικίαν
839 792 999 877 λέγεσθαι
1026 791 1120 864 καίι

63 896 127 984 τὴν
157 894 342 984 ἡγεμονίαν
374 893 468 965 εἶναι.
521 896 705 986 ταξάμενος
736 896 774 965 δέ
807 895 922 977 αὐτοῖς
953 894 1082 986 ἡμέραν

64 1004 238 1072 ἐκέλευσεν
261 1003 295 1084 ἐξ
319 992 468 1071 ἑωθινοῦ
490 1003 694 1085 καθέζεσθαι
721 1003 822 1091 χωρὶς
850 1000 1021 1090 ἀλλήλων,
1046 1005 1083 1073 ἐν

65 1103 119 1190 αἷς
147 1108 297 1197 ἑκάτεροι
330 1107 485 1190 ἀξιοῦσιν
518 1112 642 1197 ἕδραις·
675 1108 915 1197 προθύσαντας
943 1109 982 1178 δὲ
1012 1124 1083 1191 τοῖς

64 1225 162 1295 θεοῖς
185 1213 258 1303 ίερά
279 1215 321 1283 τὰ
344 1217 545 1302 νομιζόμενα
563 1214 744 1303 φυλάττειν
770 1214 915 1296 οίωνούς
936 1221 1082 1298 αἰσίους·

10 1319 219 1413 λειεὸποτέρῳ
244 1319 275 1389 δ’
301 1317 345 1389 ἀν
370 1325 405 1390 oc
429 1321 569 1407 ὄρνιθες
591 1323 741 1412 προτέρῳ
766 1327 937 1410 κρείττους
959 1323 1081 1408 γένων-
1096 1355 1124 1396 ιο

63 1455 135 1515 ται,
159 1431 281 1497 τοῦτον
309 1426 425 1517 άρχειν
447 1433 506 1517 τῆς
529 1426 692 1508 ἀποικίας.
733 1424 883 1517 ἀπῄεσαν
915 1431 951 1496 οί
971 1435 1122 1508 mavi-2

64 1553 142 1604 σαοι
163 1532 257 1603 ταῦτ’
283 1536 516 1615 ἐπαινέσαντες
538 1536 594 1603 καὶ
616 1533 699 1604 κατὰ
723 1533 764 1602 τά
783 1539 984 1621 συγκείμενα
1001 1559 1083 1624 παρ-

63 1645 153 1729 ἦσαν
176 1644 213 1709 ἐν
231 1645 271 1730 τῇ
289 1646 391 1731 κυρίῳ
409 1645 467 1727 τῆς
485 1639 633 1729 πράξεως
651 1639 766 1731 ἡμέρῳ.
806 1633 850 1728 ἦν
870 1640 907 1709 δέ
924 1638 1082 1735 Ῥωμύλῳ

64 1747 128 1836 μὲν
152 1746 402 1835 οἰωνιστήριον,
426 1752 513 1815 ἔνθα
535 1744 632 1833 ἠξίου
654 1745 716 1835 τὴν
745 1745 906 1816 ἀποικίαν
935 1751 1082 1838 ίδρύσαι,

62 1853 102 1922 τὸ
118 1854 347 1940 Παλλάντιον,
357 1851 471 1944 Ῥώμῳ
490 1851 523 1921 δ’
545 1850 563 1920 ὁ
578 1851 743 1942 προσεχὴς
756 1855 872 1946 ἐκείνῳ
891 1854 998 1941 λόφος
1013 1855 1082 1925 Αύ-
1095 1883 1122 1927 ιι

64 1974 195 2043 εντϊνος
211 1960 428 2049 καλούμενος,
449 1957 493 2041 ὡς
508 1961 548 2028 δέ
563 1985 653 2040 τινες
667 1963 865 2048 ίστοροῦσιν
883 1959 1050 2051 ἡῬεμορί
1074 1986 1081 2002 ·

63 2066 198 2158 φυλακή
217 2093 253 2136 τε
272 2064 401 2155 ἀμφοῖν
415 2070 526 2158 παρῆν
541 2063 604 2136 ούκ
622 2068 846 2155 ἐπιτρέψουσα
869 2065 889 2136 ὅ
907 2094 939 2136 τι
958 2069 1002 2156 μὴ
1018 2097 1083 2158 φα-

62 2181 138 2263 νείη
158 2176 274 2257 λέξειν.
301 2172 346 2254 ὡς
366 2174 403 2242 δέ
421 2173 480 2254 τὰς
498 2172 732 2261 προσηκούσας
752 2176 850 2263 ἕδρας
870 2179 992 2262 ἔλαβον
1013 2172 1080 2245 ὄλί-
1099 2188 1120 2252 3

62 2309 127 2370 γον
142 2280 287 2368 ἐπισχὼν
302 2279 428 2369 χρόνον
443 2278 460 2350 ὁ
476 2279 644 2368 Ῥωμύλος
657 2278 722 2349 ὑπὸ
738 2283 888 2367 σπουδῆς
901 2283 1005 2348 τεκαὶ
1019 2285 1082 2350 τού

61 2388 149 2480 πρὸς
166 2385 228 2458 τὸν
245 2386 397 2474 ἀδελφὸν
414 2387 563 2475 φθόνου,
583 2384 642 2472 [ὡς
661 2387 772 2455 δὲκαὶ
791 2383 809 2455 ὁ
830 2385 975 2473 φθόνος]
1001 2395 1082 2468 ίσως
1095 2417 1123 2459 το

63 2495 102 2566 δὲ
124 2495 182 2566 καὶ
202 2492 220 2564 ὁ
239 2493 321 2574 θεὲς
339 2492 445 2575 οὕτως
464 2497 574 2581 ἐνῆγε,
593 2494 674 2582 πρὶν
693 2490 714 2580 ἢ
731 2494 788 2561 καὶ
807 2490 924 2561 ὁτιούν
943 2506 1082 2581 σημεῖον

61 2601 259 2672 θεάσασθαι
284 2603 417 2688 πέμψας
449 2599 493 2682 ὡς
519 2600 581 2670 τὸν
613 2598 764 2687 ἀδελφὸν
797 2598 960 2687 ἀγγέλους
973 2598 1081 2688 Ιἥκειν

61 2706 162 2797 ἠξίου
185 2709 380 2796 διαταχέων,
404 2706 449 2789 ὡς
471 2707 633 2797 πρότερος
660 2706 745 2777 ίδὼν
773 2705 918 2788 οἰωνοὺς
940 2712 1080 2788 αίσίους.

62 2818 102 2886 έν
125 2807 152 2908 ᾧ
177 2815 214 2883 δέ
237 2819 273 2884 οί
292 2817 503 2902 πεμφθέντες
524 2813 582 2882 ὑπ’
604 2812 710 2884 αύτού
735 2812 780 2883 δι’
803 2815 967 2903 αἰσχύνης
990 2819 1080 2902 ἔχον-

60 2948 117 3002 τες
139 2919 201 3010 τὴν
224 2919 356 3010 ἀπάτην
379 2919 420 2990 οὐ
444 2925 575 3011 σπουδῇ
595 2920 756 3010 ἐχάρονν,
778 2925 824 3014 τῷ
845 2917 959 3014 Ῥώμῳ
978 2924 1081 3008 γῦπες
1094 2950 1121 2992 τι

136 3114 204 3173 λεδ
230 3136 285 3175 om.
311 3117 333 3173 0
359 3117 422 3173 add.
451 3117 579 3172 Hersslein
601 3117 718 3172 Hermes
741 3117 767 3171 X
794 3135 821 3186 p.
841 3122 893 3171 409
976 3122 991 3171 9
1017 3113 1080 3186 ἱερὰ

60 3190 119 3246 del.
139 3190 267 3246 Meineke
341 3195 375 3245 10
394 3186 462 3243 οίΒ
482 3190 571 3245 om.R
643 3195 675 3243 13
696 3185 728 3243 έν
747 3188 801 3244 del.
817 3189 923 3242 Usener
995 3185 1081 3242 1561

60 3259 78 3318 δ
99 3262 124 3316 Β
142 3259 174 3316 δὲ
192 3262 219 3317 R
243 3264 247 3330 λ
273 3264 434 3322 λουεντῑνος
456 3263 482 3315 A
558 3266 592 3315 17
616 3254 669 3314 ούκ
693 3257 735 3314 ἐτι
759 3253 951 3329 ἐπιτρέφουσα
975 3256 997 3311 Ο
1026 3257 1082 3310 nisi

60 3333 140 3404 quod
164 3328 374 3402 ἐπιστρέφουσα
396 3332 419 3385 Β
445 3347 513 3390 corr.
538 3331 678 3401 Kiessling
752 3337 785 3386 18
811 3330 904 3399 λέγειν
928 3347 950 3409 ο.
974 3329 1082 3409 Kayser

57 3407 135 3461 Am
155 3404 225 3473 phiL
247 3409 316 3466 1863
334 3422 362 3473 p.
382 3408 398 3458 3
472 3409 508 3458 20
526 3399 564 3466 ὡς
586 3401 619 3458 δὲ
643 3400 693 3457 καὶ
716 3396 829 3471 φθόνος
853 3400 959 3455 delent
976 3397 1080 3481 ῌσιολιο

59 3482 96 3533 21
119 3468 209 3538 ούτως
227 3469 243 3528 δ
262 3469 370 3536 θεδςΒ
395 3475 400 3542 Ι
425 3473 513 3544 *πρίν
532 3474 623 3530 καλΟ
703 3478 737 3527 23
757 3470 866 3534 αίσίους
884 3468 1004 3529 οίωνονς
1022 3467 1045 3520 Β

117 3583 218 3624 Drom.
234 3582 299 3622 Ηατ.
312 3582 330 3623 1.
349 3593 389 3622 ιω).
403 3582 505 3623 σαοοατ.
886 3563 919 3613 10
