2454 3916
501 215 668 265 ..Γ-

77 372 231 461 σύμβολα
267 375 325 459 τῆς
360 369 557 460 ἡγεμονίας,
594 365 645 452 οἷς
681 369 847 459 ἐκόσμουν
884 368 981 439 αὐτοὶ
1012 368 1091 450 τοῦς

76 480 261 568 σφετέρους
286 483 446 565 βασιλεῖς,
473 483 664 566 κομίζοντες
694 477 864 565 στεφανόν
886 503 922 546 τε
944 476 1090 565 χρύσεον

75 588 133 655 καὶ
155 584 289 674 θρόνον
312 583 534 673 ἐλεφάντινον
557 586 613 654 καὶ
632 587 801 672 σκῆπτρον
820 581 920 653 ιἰετδν
940 588 1017 671 ἔχον
1037 583 1090 652 ἐπὶ

75 697 136 781 τῆς
161 695 308 780 κεφαλῆς
339 691 464 779 χιτῶνά
490 720 526 761 τε
557 696 759 781 πορφυροῦν
789 689 1007 779 χρυσόσημον
1034 691 1091 758 καὶ

75 798 295 888 περιβόλαιον
317 802 520 887 πορφυροῦν
547 804 717 885 ποικίλον,
745 792 801 866 οἶα
822 800 950 867 Λυδῦν
977 822 1012 865 τε
1034 796 1117 867 καλε

76 910 222 994 Περσῶν
246 903 395 993 ἐφόρουν
420 908 455 973 οί
470 909 629 992 βασιλεῖς,
647 904 736 993 πλην
757 902 799 974 ού
817 902 1029 990 τετράγωνόν
1052 929 1090 989 νε

75 1016 122 1105 τῷ
155 1010 313 1100 σχήματι,
344 1009 497 1098 καθάπερ
534 1012 645 1080 ἐκεῖνα
681 1003 741 1099 ἦν,
772 1009 845 1078 ἀλλ’
881 1008 1090 1098 ἡμικύκλιον.

75 1118 118 1189 τῦ
141 1119 180 1188 δὲ
201 1122 340 1188 τοιαῦτα
362 1121 431 1187 τῶν
453 1115 694 1206 ἀμφιεσμάτων
712 1116 870 1206 Ῥωμαῖοι
893 1116 955 1205 μὲν
978 1116 1090 1204 τόγας,

67 1225 230 1313 Ἕλληνες
253 1223 291 1292 δὲ
313 1222 480 1312 τήβεννον
498 1228 678 1310 καλοῦσιν,
702 1222 764 1292 οῦκ
788 1222 853 1292 οἶδ’
875 1221 1006 1293 ὁπόθεν
1029 1250 1091 1310 μα-

22 1332 218 1412 σσεθόντες·
246 1328 445 1419 Ἑλληνικὸν
481 1331 546 1419 γάρ
580 1329 621 1399 οῦ
658 1334 817 1419 φαίνεταί
849 1356 906 1417 μοι
938 1328 1090 1416 τοῦνομα
1104 1356 1131 1398 ιο

76 1438 174 1509 εἶναι.
220 1435 265 1518 ῦς
288 1439 329 1507 δέ
348 1464 437 1518 τινες
459 1441 632 1526 ίστοροῦσι
657 1437 713 1504 καὶ
740 1434 819 1516 τοῦς
842 1435 972 1504 δυόδεκα
995 1436 1129 1504 πελά-2

75 1571 146 1625 κεις
168 1543 327 1632 ἐκόμισαν
350 1542 441 1637 αύτῷ
465 1542 626 1632 λαβόντες
653 1545 688 1625 ἐξ
711 1543 849 1630 ἑκάστης
870 1540 999 1622 πόλεως
1022 1542 1090 1610 ἕνα.

81 1650 294 1740 Τυρρηνικὸν
317 1649 381 1740 γάρ
405 1649 493 1720 εἶναι
517 1656 599 1732 ἔθος
626 1655 721 1720 δοκεῖ
746 1648 887 1719 ἑκάστου
916 1652 985 1717 των
1008 1646 1090 1716 κατὰ

76 1757 178 1827 πόλιν
208 1759 376 1844 βασιλέων
414 1759 474 1826 ἕνα
509 1766 734 1846 προηγεῖσθαι
769 1754 990 1845 ῥαβδοφόρον
1022 1751 1091 1842 άμα

76 1867 118 1952 τῇ
142 1865 247 1953 δέσμη
269 1867 337 1933 των
361 1861 499 1952 ῥάβδων
522 1865 664 1932 πέλεκυν
688 1865 848 1952 φέροντα·
878 1866 910 1930 εί
931 1861 970 1929 δὲ
992 1858 1090 1948 κοινὴ
1104 1887 1130 1930 ιι

76 1975 207 2056 γίνοιτο
235 1972 303 2037 τῦν
332 1967 463 2037 δυόδεκα
494 1968 627 2038 πόλεων
657 1974 826 2056 στρατεία,
853 1966 933 2049 τοῦς
959 1967 1092 2037 δώδεκα

77 2077 224 2156 πελέκεις
238 2076 290 2144 ἑνὶ
302 2080 555 2164 παραδίδοσθαι
569 2080 615 2168 τῷ
630 2074 770 2162 λαβόντι
784 2073 846 2163 την
860 2074 1092 2163 αὐτοκράτορα

77 2180 195 2271 άρχην.
237 2180 278 2251 οῦ
305 2180 373 2270 μὴν
400 2180 545 2262 ῦπαντές
570 2209 609 2269 γε
637 2185 867 2271 συμφέρονται
894 2195 965 2262 τοῖς
987 2181 1131 2251 ταῦταδ

78 2291 252 2376 λέγουσιν,
279 2287 364 2357 ιἰλλδι
386 2293 588 2377 παλαίτερον
618 2294 665 2357 ἔτι
688 2293 747 2375 τῆς
772 2294 964 2378 Ταρκυνίου
986 2291 1090 2355 δυνα-

78 2400 189 2477 στείας
215 2397 362 2475 πελέκεις
390 2392 521 2463 δώδεκα
547 2393 612 2482 πρὸ
639 2398 708 2463 νῦν
735 2395 902 2481 βασιλέων
925 2395 1095 2482 φέρεσθαί
1105 2419 1133 2462 εο

78 2523 178 2593 φασι,
213 2501 488 2589 καταστήσασθαι
524 2500 563 2569 δὲ
598 2499 635 2569 τὸ
673 2505 754 2581 ἔθος
788 2504 887 2569 τοῦτο
919 2498 1092 2587 Ῥωμύλον

80 2607 187 2689 εύθῦς
208 2606 277 2697 ἅμα
299 2612 345 2702 τῷ
363 2612 572 2697 παραλαβεῖν
593 2605 657 2694 τὴν
680 2604 797 2694 ἀρχήν.
839 2604 946 2676 οῦθδν
970 2606 1008 2674 δὲ
1029 2631 1091 2673 κω-

78 2716 151 2785 λύει
176 2713 215 2785 τὸ
244 2714 307 2803 μὲν
335 2711 464 2803 εῦρημς
490 2717 677 2801 Τυρρηνῶν
706 2711 809 2801 εἶναι,
836 2713 1029 2802 χρήσασθαι
1057 2710 1090 2780 δ’

79 2821 169 2914 αὐτῷ
202 2826 337 2912 πρῶτον
358 2819 532 2910 Ῥωμύλον
563 2818 642 2910 παρ’
673 2822 810 2889 ἐκείνων
842 2820 1005 2907 λαβόντα,
1037 2846 1092 2887 κο-

78 2932 247 3018 μισθηναι
270 2928 308 2997 δὲ
329 2934 506 3020 Ταρκυνίφ
525 2927 589 2997 σῦν
612 2941 682 3008 τοῖς
704 2926 820 3008 άλλοις
836 2927 975 3015 κόσμοις
997 2932 1091 3013 βασι-
1106 2949 1132 2992 ιε

79 3044 188 3116 λικοῖς
213 3035 269 3104 καὶ
296 3033 375 3116 τοῦς
405 3033 536 3103 δύδεκα
563 3036 724 3121 πελέκεις,
752 3036 864 3123 ὥσπερ
885 3062 924 3123 γε
946 3036 1003 3103 καὶ
1026 3037 1091 3103 νῦν

150 3275 165 3325 2
190 3269 313 3339 χρυσοῦν
397 3273 415 3322 4
438 3265 542 3338 ηιτῦνά
574 3288 604 3324 τε
636 3267 805 3339 πορφυροῦν
836 3261 958 3338 χρυσόση
980 3284 1013 3320 ον
1036 3266 1091 3322 del.

79 3341 211 3397 Schnelle
229 3357 256 3411 p.
277 3344 307 3394 11
365 3336 526 3408 δτοηδιςΒ
598 3335 754 3413 θεήβενοι
771 3341 797 3392 A
870 3343 903 3392 13
928 3286 1091 3394 *όδόκειθ

80 3419 113 3469 16
133 3411 277 3482 δεσμῦιΑ
340 3415 373 3466 16
392 3411 523 3481 στρατεία
538 3409 660 3498 ὃμΙοαες
678 3405 830 3478 στρατιῦΟ
890 3412 924 3463 23
943 3401 1049 3476 εῦρεμα
1068 3407 1091 3464 Ο

79 3489 115 3538 24
133 3477 205 3538 αῦτδ
221 3484 247 3535 Δ
318 3485 352 3536 26
372 3474 465 3553 ῦσπιρ
484 3480 530 3554 γε]
549 3499 644 3551 ωσπερ
662 3479 703 3536 ἔτι
722 3499 745 3538 ο.
765 3480 854 3536 Cobet
872 3479 937 3535 Obs.
956 3498 984 3550 p.
1004 3485 1037 3535 72
