2454 3916
106 208 173 275 202
529 210 693 264 -Β-

105 379 353 439 κατασταθεῖσα
371 368 509 456 τοιαύτη
528 396 577 449 τις
595 360 652 456 ἦν·
677 371 713 437 ἐν
735 369 772 437 δέ
790 373 835 460 τῷ
854 369 934 437 καθ’
951 367 1038 457 ἡμᾶς
1055 376 1119 462 βίῳ

107 476 290 565 πολυτελὴς
312 480 430 565 μέμονε
449 477 504 546 καὶ
523 475 653 560 ἀλαζὼν
671 482 719 557 είς
735 476 884 545 πλούτου
903 481 1032 564 μάλλον
1051 480 1120 545 έπί-

108 586 214 666 δειξιν
241 581 262 672 ἢ
287 585 428 672 δόκησιν
455 583 575 674 ἀρετῆς
607 585 921 675 ἐπιτραγῳδουμένη
951 585 1007 653 καὶ
1036 583 1117 652 καθ’

67 689 241 761 4άπασαν
265 694 360 762 ίδέαν
384 694 540 780 ἐκβέβηκε
562 689 624 778 τὴν
651 689 794 779 ἀρχαίαν
818 689 994 760 εὐτέλειαν.
1039 689 1120 778 μετά

67 824 81 865 ι
110 797 146 867 δὲ
170 797 233 886 τὴν
254 799 391 887 πομπήν
418 826 453 869 τε
480 801 536 868 καὶ
566 804 695 867 θυσίαν
719 796 807 867 υεών
830 798 1079 879 κατασκευάσας
1102 796 1119 867 ὁ

103 903 271 994 Ῥωμύλος
300 907 353 975 ἐπὶ
383 910 442 994 τῆς
469 908 623 993 κορυφῆς
649 907 710 973 τοῦ
740 911 957 973 Καπιτωλίου
981 904 1120 992 [λόφου]

110 1012 210 1098 Διός,
241 1009 282 1081 ὃν
306 1014 500 1081 ἐπικαλοῦσι
523 1008 680 1099 Ῥωμαῖοι
708 1013 902 1101 φερέτριον,
934 1010 974 1080 ού
1002 1013 1121 1098 μέγαν·

109 1124 156 1187 ἔτι
179 1116 244 1205 γὰρ
268 1115 373 1186 αὑτοῦ
396 1117 531 1201 σώζεται
555 1118 592 1186 τό
618 1116 759 1207 ἀρχαίου
783 1127 876 1205 ίχνος
898 1117 1078 1198 ἐλάττονας
1100 1114 1120 1205 ἢ

108 1227 206 1294 πέντε
229 1228 345 1294 ποδῶν
370 1226 425 1294 καλ
450 1227 530 1294 δέκα
552 1222 610 1305 τάς
638 1229 768 1312 μείζους
791 1222 936 1312 πλευράς
960 1229 1051 1310 έχον·
1085 1227 1121 1293 έν

69 1357 95 1397 10
109 1331 216 1425 τούτῳ
240 1334 428 1418 καθιέρωσε
451 1330 491 1400 τά
511 1334 616 1399 σκῦλα
638 1334 700 1399 τοῦ
714 1334 924 1398 Καινινιτῶν
947 1332 1122 1417 βασιλέως,

110 1435 150 1509 ὃν
174 1437 366 1529 αὐτοχειρίᾳ
392 1438 642 1527 κατειργάσατο.
686 1435 747 1505 τὸν
776 1436 814 1505 δὲ
837 1442 906 1505 Δία
934 1436 995 1506 τὸν
1025 1441 1123 1526 φερέ-

108 1573 216 1635 τριον,
237 1538 321 1641 χὺτά
342 1544 428 1616 ὅπλα
449 1543 467 1615 ὁ
487 1544 655 1633 Ῥωμύλος
676 1542 855 1630 ἀνέθηκεν,
876 1553 940 1612 είτε
961 1543 1168 1631 βούλεταίεοε

108 1681 159 1735 τις
184 1659 410 1745 τροπαιοῦχον
438 1661 503 1722 εἴτε
532 1651 747 1741 σκυλοφόρον
774 1658 889 1720 καλεῖν
918 1649 963 1732 ὑς
989 1648 1127 1733 ἀξιοῦσί

33 1783 36 1788 “
108 1787 198 1840 τινες
220 1756 301 1846 εἴθ’,
325 1757 377 1828 ότι
399 1759 535 1829 πάντων
558 1758 709 1849 ὑπερέχει
736 1758 792 1826 καὶ
814 1761 926 1827 πᾶσαν
950 1761 987 1826 έν
1010 1757 1123 1849 κύκλῳ

56 1887 96 1929 ·15
109 1871 302 1955 περιείληφε
332 1863 395 1953 τὴν
427 1869 496 1935 τάν
533 1865 643 1935 όντων
680 1864 786 1951 φύσιν
818 1890 853 1932 τε
884 1865 939 1931 καὶ
975 1869 1124 1952 κίνησιν,

109 1969 338 2060 ὑπερφερέτην
363 1970 423 2059 οὑχ
446 1969 670 2060 ἁμαρτήσεται
692 1974 752 2058 τῆς
774 1968 943 2057 ἀληθείας.

198 2080 333 2147 XXXV.
350 2076 408 2159 Ὡς
427 2077 458 2146 δ’
480 2077 631 2147 ἀπέδωκε
650 2091 721 2157 τοῖς
738 2086 833 2157 θεοϊς
851 2073 870 2144 ὑ
890 2075 1048 2162 βασιλεὺς
1065 2076 1125 2159 τάς

109 2190 347 2275 χαριστηρίους
369 2189 493 2264 θυσίας
514 2185 623 2254 τεκαὶ
645 2183 805 2272 ἀπαρχάς,
828 2185 908 2270 πρὶν
931 2179 952 2270 ἢ
974 2188 1042 2252 τῶν
1066 2182 1124 2253 ἀλ-

109 2300 180 2361 λων
202 2320 235 2362 τι
259 2291 508 2379 διαπράξασθαι
531 2290 661 2379 βουλὴν
685 2294 827 2360 έποιείτο
855 2292 1021 2379 περὶτῶν
1044 2318 1124 2379 κρα-

70 2422 97 2462 2⁰
110 2404 281 2489 τηθεισῦν
313 2399 460 2486 πόλεων,
493 2397 611 2468 ὅντινα
643 2399 807 2486 χρηστέον
838 2395 954 2477 αὑταῖς
984 2397 1124 2485 τρόπον,

110 2505 211 2588 αὑτὸς
233 2503 278 2595 ἣν
301 2503 514 2594 ὑπελάμβανε
537 2511 716 2596 κρατίστην
747 2502 834 2573 εἶναι
857 2504 1011 2592 γνώμην,
1035 2510 1125 2591 προῦ-

70 2609 167 2693 2τος
188 2612 459 2700 ἀποδειξάμενος.
497 2609 542 2693 ὑς
565 2611 603 2681 δὲ
631 2615 713 2679 πάσι
735 2624 806 2691 τοῖς
829 2612 866 2679 έν
889 2615 934 2702 τῷ
954 2616 1124 2704 συνεδρίῳ

109 2724 277 2806 παροῦσιν
306 2717 328 2806 ἥ
355 2746 390 2787 τε
413 2718 579 2806 ἀσφάλεια
605 2723 674 2787 τῶν
695 2717 936 2807 βουλευμάτων
965 2722 1026 2786 τοῦ
1049 2717 1125 2806 ἡμε-

111 2825 217 2914 μόυος
245 2824 364 2914 ἤρεσκε
394 2828 449 2894 καλ
479 2823 500 2913 ἡ
532 2824 722 2913 λαμπρότης
751 2822 791 2893 τά
822 2850 857 2893 τε
887 2822 971 2892 ἀλλα
1001 2823 1065 2893 ὅσα
1091 2829 1125 2908 ἐξ

71 2954 97 2994 2⁵
111 2930 223 3000 αὐτῶν
247 2932 422 3020 γενήσεται
445 2937 485 3023 τῇ
509 2932 604 3001 πόλει
627 2931 773 3020 χρήσιμα
802 2929 862 3000 οὑκ
891 2933 927 2998 έν
951 2935 996 3023 τῷ
1019 2957 1125 3021 παρα-

111 3042 221 3128 χρῆμα
245 3039 353 3128 μόνον
377 3036 462 3108 ἀλλά
484 3040 539 3108 καὶ
563 3043 611 3119 είς
633 3035 763 3106 ἀπαντα
785 3036 845 3105 τὸν
869 3035 974 3105 ἀλλον
997 3039 1125 3127 χρόνον

183 3267 273 3328 5νεὺ
293 3271 369 3327 ΑΒα
450 3267 821 3340 6λόφουδο1.ΚίοεεΙίυς
900 3275 935 3323 10
958 3272 1125 3326 κανιτάνΒ-

111 3343 275 3398 καινινιτῦν
293 3343 340 3397 Ba
364 3341 528 3410 κενηνητάν
546 3341 592 3395 Bb
617 3341 622 3408 Ι
646 3340 825 3407 καθιερῶσαι
842 3340 891 3395 Ab
965 3347 998 3396 14
1018 3337 1050 3396 έν
1069 3343 1123 3398 del.

112 3414 282 3486 Grasberger
299 3413 375 3468 Tess.
393 3412 480 3468 Herb.
499 3429 526 3482 p.
547 3416 590 3478 14,
609 3410 723 3466 defendi
742 3409 807 3466 Obs.
826 3428 854 3479 p.
869 3417 929 3480 330,
949 3411 1039 3468 Krebs
1056 3414 1125 3468 Ροε-

111 3484 312 3555 positions'adv.
327 3485 353 3538 Π
371 3501 398 3554 p.
417 3488 452 3538 43
523 3488 557 3537 22
576 3476 690 3536 *ἀπασι
709 3481 732 3537 0
800 3487 834 3536 23
853 3483 978 3552 παροῦσι
995 3503 1025 3539 τε
1043 3484 1090 3540 Ba
