2454 3916
579 236 745 290 ..Α-

115 400 136 464 2
156 395 306 485 ἀρχαίων
330 393 514 484 εὑρεθῆναι
537 401 674 483 κείμενα
695 394 857 485 βάθρων·
881 395 1172 483 μετακομισθέντα

156 502 194 571 δὲ
217 493 319 583 αὖθις
341 505 377 571 ἐκ
398 506 460 571 τού
479 509 668 571 Λαουϊνίου
691 501 755 571 σύν
779 506 932 582 ἱκετείαις
952 503 1009 570 καὶ
1031 507 1174 582 θυσίαις

156 609 366 698 ἀρεστηρίοις
404 614 451 689 είς
484 608 522 678 τὸ
557 608 638 678 αύτὸ
674 615 798 698 χορίον
839 607 964 697 ὁμοίως
1000 607 1173 677 ἀνελθεῖν.

155 715 235 796 τούς
258 715 296 784 δὲ
318 714 525 804 ἀνθρώπους
546 718 628 796 τέως
651 715 712 804 μὲν
736 714 876 805 ἀπορεῖν
900 715 965 785 ὅτι
987 714 1174 804 χρήσονται

129 837 227 902 ετοῑς
252 821 445 912 πράγμασιν
465 821 542 892 οὔτε
561 827 638 910 δίχα
664 828 733 892 τών
756 822 921 916 πατρῴων
943 828 1037 892 θεών
1066 828 1175 892 οίκεῑν

156 927 337 1010 ἀξιοῦντας
365 927 442 998 ούτε
470 931 524 997 ἐπὶ
551 929 614 1016 τὴν
642 932 879 1019 ἐκλειφθεῖσαν
910 940 1042 1017 οίκησιν
1070 921 1175 1009 αὖθις

157 1033 402 1124 ἀναστρέφειν,
433 1041 659 1116 τελευτῶντας
696 1035 734 1104 δὲ
765 1036 905 1124 γνώμην
937 1034 1120 1124 εὑρέσθαι,
1152 1031 1174 1123 ἣ

158 1145 294 1228 ἔμελλεν
326 1139 551 1230 ἀποχρώντως
581 1142 666 1231 πρὸς
696 1140 869 1232 ἀμφότερα
900 1145 999 1225 ἕξειν·
1037 1141 1079 1211 τά
1111 1142 1175 1230 μὲν

158 1249 217 1333 ἕδη
244 1245 328 1316 κατά
354 1246 469 1337 χώραν
497 1251 592 1318 ἐάσαι
620 1251 750 1337 μένειν,
778 1247 907 1338 ἀνδρας
933 1249 972 1318 δὲ
997 1248 1078 1329 τούς
1106 1250 1175 1317 ἐπι-

118 1381 144 1421 10
157 1357 409 1442 μελησομένους
435 1353 548 1424 αύτών
572 1358 608 1424 έκ
636 1354 830 1443 τῆς’Ἁλβας
853 1361 901 1436 είς
922 1355 960 1424 τὸ
984 1361 1175 1424 Λαουΐνιον

158 1452 262 1540 αὖθις
298 1463 453 1541 ἐποίκους
494 1476 700 1549 μεταγαγεῖν.
744 1463 801 1530 καὶ
833 1464 991 1548 ἐγένοντο
1030 1465 1067 1530 οἱ
1095 1486 1175 1550 πεμ

159 1570 304 1654 φθέντες
318 1567 485 1650 ἑξακόσιοι
499 1570 684 1656 μελεδωνοὶ
699 1571 766 1637 τών
782 1572 882 1656 ίερών
897 1567 1011 1648 αύτοίς
1029 1595 1170 1657 μετανα-
1176 1577 1216 1629 169

159 1673 296 1753 στάντες
337 1677 519 1762 ἐφεστίοις·
560 1673 694 1764 ἡγεμών
718 1673 753 1743 δ’
794 1674 848 1744 ἐπ’
892 1673 1008 1755 αὐτοῖς
1049 1675 1174 1764 ἐτάχθη

120 1781 140 1844 3
160 1788 328 1865 Αίγεστος.
359 1779 439 1860 τοὺς
462 1780 500 1849 δὲ
521 1780 625 1861 θεοὺς
647 1781 788 1862 τούτους
805 1781 963 1870 Ῥωμαῖοι
986 1781 1048 1869 μὲν
1063 1783 1175 1852 Πενά-

120 1912 146 1952 15
159 1913 218 1965 τας
244 1890 426 1954 καλοῦσιν·
450 1891 485 1954 οί
507 1886 538 1955 θ’
564 1889 843 1977 ἐξερμηνεύοντες
869 1895 918 1969 είς
943 1888 1007 1977 την
1029 1886 1177 1958 Ἑλλάδα

159 1996 316 2079 γλῶσσαν
353 1992 503 2080 τούνομα
535 1999 570 2063 οί
600 1996 662 2083 μὲν
694 1995 880 2088 Πατρῴους
912 1994 1176 2084 ἀποφαίνουσιν,

160 2104 195 2168 οί
230 2098 268 2167 δὲ
299 2104 521 2186 Γενεθλίους,
558 2103 622 2169 είσὶ
655 2101 686 2169 θ’
722 2109 758 2171 οἳ
786 2108 974 2189 Κτησίους,
1007 2101 1106 2171 ἀλλοι
1139 2102 1177 2171 δὲ

160 2211 331 2293 Μυχίους,
360 2209 395 2275 ολ
420 2206 459 2274 δὲ
480 2205 659 2297 Ἑρκείους.
705 2213 792 2277 ἔοικε
820 2208 858 2277 δὲ
884 2208 1015 2277 τούτων
1040 2211 1179 2289 ἕκαστος

159 2313 242 2383 κατά
269 2340 362 2393 τινος
388 2316 457 2382 τών
485 2314 747 2402 συμβεβηκότων
775 2314 889 2395 αύτοίς
916 2324 1092 2383 ποιεῖσθαι
1114 2315 1178 2402 τὴν

120 2445 147 2485 ιο
161 2423 334 2508 ἐπίκλησιν
356 2420 601 2490 κινδυνεύουσί
619 2448 655 2491 τε
668 2421 790 2502 πάντες
804 2419 1004 2510 άμωςγέπως
1026 2420 1065 2491 τὸ
1089 2420 1219 2492 αύτὸ17(

125 2527 281 2614 4λέγειν.
318 2527 485 2616 σχήματος
508 2528 546 2596 δὲ
568 2530 624 2596 καὶ
647 2533 779 2618 μορφῆς
800 2527 912 2597 αύτών
935 2530 1016 2616 πέρι.
1038 2533 1179 2615 Τίμαιος

161 2635 223 2722 μὲν
247 2632 265 2703 ὁ
289 2634 504 2722 συγγραφεύς
527 2626 593 2702 ώθε
620 2633 861 2723 ἀποφαίνεται·
888 2634 1030 2723 κηρύκια
1054 2639 1179 2724 σιδηρᾶ

160 2741 217 2809 καὶ
249 2743 353 2828 χαλκά
384 2743 441 2809 καὶ
472 2743 620 2829 κέραμον
657 2741 809 2831 Τρωικὸν
842 2740 930 2810 εἶναι
961 2740 1002 2810 τὰ
1038 2742 1076 2809 έν
1108 2755 1180 2821 τοῖς

161 2845 299 2926 ἀδύτοις
319 2860 389 2925 τοϊς
412 2849 450 2914 έν
474 2854 647 2939 Λαουϊνίῳ
669 2853 806 2936 κείμενα
829 2846 918 2937 ίερά,
941 2849 1118 2917 πυθέσθαι
1142 2847 1180 2917 δὲ

234 3084 251 3132 3
271 3073 514 3166 εύαρεστηρίοιςΒ
530 3079 534 3146 Ι
552 3074 723 3134 ἐπανελθεῖν
737 3095 761 3133 ο.
771 3078 861 3134 Cobet
874 3079 939 3134 obs.
947 3096 976 3148 p.
987 3083 1022 3132 34
1076 3082 1095 3132 8
1109 3073 1179 3133 ἀπο·

162 3149 288 3219 χρώντας
306 3149 351 3204 Ba
366 3152 370 3220 Ι
386 3150 466 3218 ηξειν
489 3150 536 3204 Ba
591 3157 623 3204 11
647 3145 785 3213 ἀποίκους
799 3167 822 3205 ο.
837 3150 940 3205 Βείελεο
996 3155 1028 3204 13
1048 3143 1179 3213 αύτοίςΒ

163 3215 269 3282 αύτούς
286 3221 312 3274 Β
395 3226 428 3274 14
451 3219 672 3293 <αί>γεστοςΒ
701 3227 705 3290 Ι
733 3216 921 3291 περνάταςΒ
1004 3226 1037 3275 18
1060 3222 1180 3291 μυχίονσ

162 3292 239 3346 ABb
267 3293 394 3362 μοιχίονς
412 3293 458 3347 Ba
489 3288 568 3346 άλλοι
592 3287 621 3346 θ’
639 3287 808 3362 Ἐμμυχίονς
833 3309 857 3347 ο.
882 3291 1005 3346 Βὶολεωίε
1028 3291 1179 3346 Hermes!

161 3381 190 3433 p.
208 3366 282 3431 4711
300 3357 451 3432 ἕρκίουςΒ
524 3369 558 3418 20
576 3381 607 3417 τε
625 3360 731 3426 πάντες
747 3364 770 3416 Β
789 3382 818 3418 τε
839 3358 872 3418 ού
892 3358 924 3418 τὸ
944 3357 1015 3417 αύτό
1034 3359 1178 3426 πάντεςΒ

161 3433 292 3504 λέγοντες
309 3436 374 3522 gost
392 3429 463 3488 αύτὸ
484 3434 548 3488 add.
566 3433 669 3490 Reiske
691 3437 695 3504 Ι
720 3431 892 3505 άμωςγέπως
910 3435 933 3488 Β
965 3427 1136 3504 ὁμωςγέπως
1153 3435 1179 3488 Β

199 3512 233 3561 22
252 3525 390 3577 κηρυκεια
409 3505 486 3560 ΑΒο
857 3534 863 3544 ·
