2454 3916
515 212 683 264 -Α-
1064 213 1105 279 61

88 368 174 462 αότά
198 375 387 452 καλοῦντες.
424 367 509 437 ἀλλά
531 370 594 460 γὰρ
618 374 694 462 περὶ
717 369 779 460 μὲν
802 375 869 442 τῶν
894 377 1028 440 θυσιῶν
1051 374 1106 452 καὶ
1125 376 1148 440 4

89 482 159 547 τῶν
183 477 299 546 ἄλλων
314 482 526 568 ἱερουργιῶν,
548 475 588 559 ἃς
611 477 632 566 ἡ
650 477 823 568 Ῥωμαίων
845 479 942 559 πόλις
956 488 1110 549 συντελεῖ

89 585 173 654 κατά
196 613 233 654 τε
255 584 317 654 τὸν
335 583 533 672 Ἑλληνικὸν
556 587 612 654 καὶ
635 585 694 654 τὸν
718 585 897 675 έπιχάριον
920 586 1046 674 τρόπον
1070 591 1107 656 έν

93 693 194 783 ἑτέρῳ
219 691 309 783 λόγῳ
334 691 546 780 δηλώσομεν,
575 691 726 762 ἀπαιτεῖν
751 693 787 761 δὲ
812 691 829 761 ὁ
853 692 969 784 παρεὸν
992 695 1108 782 καιρὸς

36 819 71 869 98
92 805 179 869 ἔοικε
212 800 268 867 καὶ
300 801 376 888 περὶ
408 803 466 887 τῆς
488 798 689 889 Ἡρακλέους
720 798 863 888 ἀφίξεως
892 808 938 882 είς
963 799 1134 870 Ἰταλίανι

90 904 162 995 μετ’
199 905 399 986 ἐπιστάσεως
430 913 586 986 πλείονος
620 894 769 976 διελθεῖν
799 909 854 976 καὶ
883 917 916 976 εί
939 936 971 977 τι
1003 908 1108 994 λόγου

90 1012 192 1096 ἀξιον
217 1016 357 1101 ἔδρασεν
381 1010 504 1081 αὐτόθι
528 1012 573 1101 μὴ
596 1022 805 1101 παραλιπεῖν.
863 1039 905 1104 *st

182 1120 384 1187 XX‘XVIHI.
397 1118 494 1188 ’Ἐστι
509 1119 546 1188 δὲ
560 1124 627 1189 τῶν
650 1118 734 1210 ὑπὲρ
748 1126 809 1190 τοῦ
824 1125 986 1209 δαίμονος
1007 1116 1108 1191 τοῦδε

91 1227 287 1314 λεγομένων
318 1224 359 1294 τά
391 1225 452 1313 μὲν
485 1225 718 1315 μυθικώτερα,
750 1227 790 1296 τά
823 1226 858 1294 δ’
892 1226 1108 1322 ἀληθέστερα.

91 1331 110 1403 δ
136 1332 200 1421 μὲν
230 1324 292 1400 οὖν
319 1331 464 1419 μυθικὸς
490 1335 565 1419 περὶ
592 1338 651 1421 τῆς
672 1339 859 1420 παρουσίας
881 1333 986 1403 αὐτοῦ
1009 1336 1109 1421 λόγος
1124 1361 1149 1400 10

91 1431 156 1509 ὧδ’
184 1445 262 1528 ἔχει·
287 1435 331 1518 ὡς
356 1437 397 1526 δὴ
420 1440 614 1520 κελευσθεὶς
637 1438 694 1508 ὑπ’
720 1438 928 1530 Ε’πλρυσθέως
945 1438 1110 1528 Ἡρακλῆς

92 1548 159 1617 σὺν
187 1561 257 1626 τοῖς
290 1544 404 1626 ἀλλοις
435 1545 556 1626 ἀθλοις
586 1548 641 1615 καὶ
669 1543 727 1626 τδις
754 1545 934 1634 Γηρυόνου
966 1552 1048 1634 βοῦς
1076 1551 1109 1630 ἐξ

89 1653 271 1746 Ἐρυθείας
294 1660 341 1734 είς
353 1652 476 1741 ’Ἁργος
499 1652 672 1739 ἀπελάσαι,
695 1655 901 1734 τελέσαςτὸν
924 1645 1035 1723 ἆθλον
1054 1657 1109 1723 καὶ

92 1762 159 1851 τὴν
184 1765 298 1830 οίκαδε
320 1767 461 1849 πορείαν
488 1760 694 1847 ποιούμενος
716 1758 800 1869 άλλρ
823 1788 858 1829 τε
880 1765 1028 1850 πολλαχῇ
1051 1767 1110 1849 τῆς

88 1866 274 1948 Ἰταλίας’
255 1873 392 1955 αφίκετο
407 1869 515 1936 καὶ
476 1895 535 1954 της
555 1860 839 1998 Ἁβοριγίνριν””
794 1868 855 1954 γης
877 1867 979 1948 είς
947 1896 984 1937 το
1008 1889 1109 1956 προσ-
1124 1890 1149 1931 ιι

92 1976 219 2068 εχλς
189 1979 234 2044 τό
258 1981 459 2066 Παλλαντίῳ
483 1979 618 2064 χωρίον
655 1972 763 2062 εὑρὼν
788 1974 825 2042 δὲ
847 1974 935 2044 πόαν
959 1977 996 2043 έν
1020 2003 1108 2044 αντα
1094 1980 1149 2045 2

94 2045 281 2171 βουκολίδα
308 2080 435 2168 πολλὴν
463 2083 518 2149 καὶ
545 2080 668 2167 καλήν,
695 2079 753 2160 τάς
782 2080 844 2168 μὲν
871 2086 954 2166 βοῦς
986 2079 1110 2168 ἀνῆκεν

95 2194 146 2269 είς
178 2186 306 2275 νομὴν,
338 2186 438 2267 αὐτὸς
465 2187 502 2255 δέ
529 2187 761 2276 βαρυνόμενος
788 2185 852 2256 ὑπο
877 2187 984 2256 κόπου
1013 2215 1110 2256 κατα-

95 2296 228 2375 κλιθεὶς
252 2299 376 2363 ἔδωκεν
400 2292 504 2364 αὑτὸν
527 2292 632 2386 ὕπνῳ.
665 2297 702 2363 ἐν
728 2295 765 2362 δὲ
787 2294 894 2386 τούτῳ
918 2294 1039 2382 λῃστής
1061 2320 1111 2374 τις

95 2400 275 2489 ἐπιχώριος
311 2399 419 2488 όνομα
455 2400 568 2481 Κάκος
604 2399 837 2491 περιτυγχάνει
877 2413 948 2478 ταῖς
988 2400 1109 2485 βουσὶν
1123 2423 1151 2464 ιο

94 2506 303 2595 ἀφυλάκτοις
324 2509 524 2595 νεμομέναις
554 2509 609 2575 καὶ
643 2505 755 2575 αὐτῶν
789 2511 895 2593 έριοτα
927 2514 1020 2593 ίσχει.
1066 2533 1111 2586 ως

98 2614 138 2683 δὲ
161 2613 221 2683 τόν
244 2612 408 2704 Ἡρακλέα
430 2613 641 2701 κοιμώμενον
670 2612 774 2711 αότοό
796 2615 1000 2701 κατέμαθεν,
1028 2609 1110 2680 άπά-

74 2796 78 2807 ,
98 2742 163 2800 σας
183 2719 245 2808 μέν
270 2717 331 2788 οόκ
353 2716 396 2788 ἀν
419 2719 502 2812 ςάετο
527 2719 698 2789 δύνασθαι
722 2727 842 2788 λαθεῖν
866 2717 1040 2806 ἀπελάσας,
1054 2722 1110 2789 καὶ

38 2847 56 2896 9
97 2825 168 2916 ἅμα
181 2824 393 2916 οόδδράδιον
404 2823 535 2914 <όν>τὸ
550 2830 686 2916 πρᾶγμα
704 2826 973 2914 κατεμάνθανεν·
997 2824 1111 2913 ὀλίγας

97 2935 140 3002 δέ
159 2959 254 3012 τινας
277 2933 310 3013 ἐξ
333 2931 444 3001 αὐτῶν
469 2937 516 3012 είς
537 2931 575 3001 τό
599 2931 737 3020 ἀντρον,
760 2936 797 3002 έν
820 2924 846 3025 ᾦ
869 2938 1012 3021 πλησίον
1036 2932 1109 3001 όντι
1124 2956 1150 2998 ει

95 3039 257 3126 ἐτύγχανε
284 3035 346 3124 τὴν
376 3042 508 3107 δίαιταν
535 3037 753 3125 ποιούμενος,
784 3037 1027 3127 ἀποκρύπτεται
1056 3044 1109 3125 ἔμ-

168 3262 278 3325 anani
277 3287 335 3371 *ys
349 3269 401 3321 AB
481 3266 690 3355 4δλιόσωμεν
709 3271 734 3323 Α
815 3276 848 3324 15
867 3266 1001 3337 προσεχὲς
1021 3263 1052 3320 ἐν
1071 3266 1108 3338 τῷ

95 3342 150 3397 AB
224 3345 257 3393 17
277 3334 413 3424 *βόαςΟ
488 3347 521 3396 18
539 3289 645 3410 ίκνομὴ
647 3360 664 3393 ν
689 3337 720 3409 0,
739 3357 809 3396 corr.
833 3338 982 3396 Dindorf
974 3357 1003 3392 1n
1026 3322 1108 3391 Thess.

96 3430 162 3469 ιι
182 3405 285 3467 ‘wo
235 3428 289 3478 οη
364 3416 397 3464 19
416 3404 505 3466 αότόν
524 3413 549 3465 A
608 3418 642 3465 22
662 3383 833 3483 ἀ<ότ>οῦΒ
857 3427 902 3465 om
920 3411 946 3464 R
1010 3402 1109 3482 24qu-

97 3474 195 3540 διον
177 3499 215 3537 ον
259 3497 347 3548 senet,
366 3480 455 3536 Cobet
473 3481 538 3537 Obs.
557 3500 584 3551 p.
605 3488 639 3536 29
