2454 3916
144 191 212 260 322
569 227 603 237 -
642 200 669 251 Γ
700 228 737 238 -

142 357 247 424 ταῦτα
273 307 433 444 πράτιστα
459 359 563 424 πᾶσιν
594 351 677 443 ύμῖν
710 360 848 425 ἔσεσθαι
876 360 983 444 δοκεῖ,
1010 357 1165 446 πράττω-

143 487 205 549 μεν
234 458 319 531 αύτόι
346 460 450 543 θεοὺς
476 463 532 530 καὶ
561 465 725 550 δαίμονας
748 461 903 552 άρυγοδς
924 465 1164 553 ἐπικαλεσάμε-

141 594 211 654 νοι,
232 571 266 637 εί
287 570 328 637 δέ
346 595 397 649 τις
418 565 515 656 ὑμῶν
533 566 695 639 τάναντία
718 574 843 657 έγνιιιιε
864 572 921 639 ιιαὶ
944 574 1041 639 δυεῖν
1059 571 1163 641 θάτε-

142 670 245 762 ρονῆ
268 677 434 763 μηδέποτε
456 672 700 748 ἀνασώσασθαι
722 672 761 744 τὸ
784 673 926 764 ιἰρχαῑον
949 675 1080 766 άξίωμα
1100 683 1163 766 τῆς

112 780 269 863 ιπόλευς
291 791 396 852 οἴεται
419 783 504 868 δεῖν,
526 777 686 868 ἢιιαιρδν
705 781 821 870 ἕτερόν
838 809 916 852 τινα
938 788 1013 868 [τοῦ
1030 785 1162 874 παρόν-

138 893 210 972 τος]
237 887 504 976 ἐπιτηδειότερον
526 891 716 977 περιμένων
739 885 963 974 ἀναβάλλεται
989 889 1050 959 τὸν
1073 917 1161 980 παρ-

139 993 232 1080 όντα,
255 992 300 1081 μὴ
323 999 523 1070 κατοκνείτω
541 995 659 1082 φέρειν
682 998 733 1074 είς
749 996 854 1082 μέσον
876 991 899 1062 ά
922 1010 1057 1082 φρονεῖ·
1082 996 1102 1067 ό
1125 1025 1161 1068 τι

137 1100 202 1188 γάρ
225 1096 269 1168 δν
292 1097 417 1170 ἅπασιν
439 1098 521 1188 ύμῖν
544 1101 724 1189 κράτιστον
742 1104 834 1190 φανῇ
855 1100 1029 1190 βούλευμα
1045 1103 1160 1197 τούτῳ

136 1205 341 1296 κονιόμενον
410 1208 445 1298 ό

98 1338 125 1378 ιο
226 1316 366 1385 XXIIII.
391 1312 661 1384 Ἑταινεσάντων
685 1313 722 1383 δὲ
739 1312 803 1402 τὴν
820 1313 961 1403 γνύμην
977 1319 1047 1384 τῶν
1070 1341 1159 1407 παρ-

135 1419 246 1490 όντων
272 1421 329 1490 καί
355 1419 464 1492 πάντα
491 1419 735 1510 ὑποσχομένων
759 1420 914 1509 ποιήσειν
941 1420 1058 1511 ὅρκοις
1079 1425 1158 1493 ἕκα-

134 1544 216 1595 στον
238 1524 351 1595 αύτοῖν
373 1525 572 1613 καταλαβὼν
595 1528 728 1596 διέλυσε
745 1525 807 1597 τὸν
830 1527 1008 1614 σύλλογον.
1045 1533 1087 1619 τῇ
1112 1530 1207 1602 δ’482

134 1633 209 1720 ἑξῆς
234 1629 342 1723 ἡμέρη
368 1631 538 1722 προῄεσαν
566 1632 628 1721 μδν
656 1635 692 1701 έιι
718 1637 781 1703 τοῦ
807 1632 952 1721 χάρακος
978 1637 1017 1702 αί
1045 1640 1155 1726 Φιδη-

132 1744 241 1808 ναίων
262 1764 298 1807 τε
320 1740 377 1807 καλ
399 1739 584 1828 συμμάχων
613 1739 775 1826 δυνάμεις
801 1738 870 1828 ἅμα
896 1745 943 1834 τῷ
965 1738 1027 1811 τὸν
1051 1741 1155 1830 ἥλιον

94 1868 119 1909 15
134 1844 294 1933 ἀνασχεῖν
315 1845 372 1913 καί
394 1845 644 1933 παρετάσσοντο
672 1843 717 1927 ὡς
745 1851 794 1927 είς
815 1845 936 1935 μάχην,
959 1845 1156 1940 άντεπεξῄε·

91 1949 113 2015 2
131 1971 196 2020 σαν
221 1951 259 2020 δὲ
281 1954 317 2021 ολ
334 1949 491 2040 Ῥωμαῖοι
512 1953 569 2027 καὶ
586 1948 794 2023 καθίσταντο
817 1957 865 2033 είς
881 1952 986 2034 τάξιν.
1026 1953 1065 2023 τὸ
1086 1957 1154 2044 μὲν

131 2050 194 2148 οὖν
217 2055 396 2146 ἀριστερὸν
418 2060 517 2149 κέρας
539 2057 641 2140 αὐτὸς
663 2057 682 2127 ὁ
709 2059 837 2140 Τύλλος
858 2059 915 2128 ααλ
938 2063 974 2128 οἱ
988 2057 1152 2150 Ῥωμαῖοι

128 2177 283 2252 κατεῖχον
310 2167 459 2235 ἐναντίοι
488 2164 706 2246 Ούιεντανοίς
736 2157 845 2256 (οὗτοι
872 2164 936 2255 γάρ
964 2165 1002 2236 τό
1034 2169 1152 2251 δεξιὸν

128 2275 197 2340 τῶν
219 2276 389 2360 πολεμίων
411 2285 566 2359 κατεῖχον
582 2272 706 2360 κέρας),
730 2274 783 2341 έιιὶ
807 2272 845 2342 δὲ
864 2278 927 2342 τού
946 2276 1060 2356 δεξιοῦ
1076 2281 1151 2347 τῶν

87 2402 114 2442 ιο
124 2375 297 2466 Ῥωμαίων
328 2378 468 2462 κέρατος
498 2375 516 2446 ὁ
549 2379 694 2458 Μέττιος
724 2379 782 2447 καλ
814 2382 850 2447 οἱ
874 2377 1030 2467 Ἀλβοινολ
1062 2383 1149 2452 κατὰ

131 2489 338 2572 Φιδηναίους
368 2482 459 2573 παρὰ
490 2481 553 2570 τὴν
585 2483 715 2571 λαγόνα
747 2489 809 2554 τού
842 2483 953 2574 όρους·
975 2486 1148 2570 ἐτάξαντο.

86 2589 196 2661 δέπεὶ
224 2591 262 2662 δὲ
289 2593 455 2679 σύνεγγυς
482 2589 638 2678 ἀλλήλων
665 2593 836 2677 ἐγίνοντο,
862 2592 944 2679 πρὶν
972 2592 1069 2675 ἐντὸς
1090 2599 1147 2683 δέ·

126 2707 208 2778 λους
228 2700 390 2786 γενέσθαι
414 2701 449 2767 οί
466 2695 624 2785 Ἀλβανοὶ
646 2699 841 2785 σχισθέντες
863 2695 928 2767 άπὸ
951 2703 1013 2768 τού
1036 2699 1146 2772 άλλου

126 2807 269 2893 στρατοῦ
303 2806 591 2892 συντεταγμένους
626 2797 712 2892 ἦγον
744 2804 824 2885 τούς
855 2803 978 2893 λόχους
1013 2809 1068 2876 ἐπὶ
1104 2807 1144 2878 τὸ

84 2933 110 2975 25
126 2909 213 3000 όρος.
261 2912 296 2979 οί
330 2909 393 2997 μὲν
430 2902 494 2981 οὖν
526 2909 709 2997 Φιδηναῖοι
745 2911 913 2999 μαθόντες
948 2917 1061 2983 τούτο
1084 2918 1143 2985 καί

122 3015 358 3097 πιστεύσαντες
389 3015 572 3105 ἀληθεύειν
605 3023 701 3106 σφίσι
733 3017 791 3098 τὰς
824 3019 900 3107 περὶ
927 3023 986 3107 τῆς
1014 3026 1141 3111 προδο-

193 3249 278 3305 5τοῦ
298 3242 440 3320 παρόντος
458 3249 511 3306 del.
527 3247 648 3305 Reudler
663 3248 752 3305 Tiroc.
789 3253 842 3306 .30
906 3250 1101 3322 σπεριμένιον
1115 3254 1141 3308 Β

120 3315 272 3406 άναμένοιγ
289 3321 316 3376 R
388 3315 474 3375 λδέιι
491 3320 515 3374 Β
539 3314 587 3375 έπλ
604 3320 630 3374 Β
707 3326 739 3376 18
767 3268 891 3377 έναντίοι
914 3320 937 3375 Β
961 3317 1094 3380 ἐναντίον
1113 3326 1140 3380 Β

120 3397 154 3448 25
170 3387 329 3481 μαθόντες
355 3391 439 3447 τούτο
461 3392 485 3446 Β
509 3392 593 3446 τούτο
622 3411 648 3463 μ.
667 3392 693 3447 Β
779 3398 814 3448 26
838 3387 996 3478 ἀληθεύειν
1018 3395 1041 3449 Β
1069 3391 1138 3465 άλη-

120 3460 239 3519 θεύσειν
257 3461 283 3516 R
