2454 3916
38 435 41 440 .
143 378 200 445 καὶ
221 380 282 464 τής
300 381 508 462 συγγενείας,
530 365 570 462 ἧς
589 371 655 463 εἶχε
672 373 759 464 πρὸς
775 373 813 444 τὸ
833 379 947 461 ἔθνος,
969 373 1162 465 ὑπομιμνη-

145 484 296 552 σκόντων
321 486 359 551 ἓν
381 486 480 551 τούτο
504 480 613 569 μόνον
638 485 701 568 ἔφη
731 479 810 571 παρ’
836 477 948 553 αὐτῶν
970 481 1162 569 βούλεσθαι

144 599 285 677 μαθεῖν,
307 589 451 677 πότερον
475 593 523 657 ἔτι
547 591 768 677 διαφέρονται
794 590 871 679 περὶ
897 592 966 657 των
995 597 1080 658 ἴσων
1103 590 1161 658 καλ

144 697 198 764 ἐπὶ
217 699 331 785 ῥητοῖς
348 714 415 765 τισι
432 693 492 776 τάς
504 699 580 786 περὶ
598 699 657 783 τής
675 695 812 784 εἰρήνης
829 693 1010 783 ὁμολογίας
1022 694 1160 784 πάρεισι

117 801 378 891 εποιησόμενοι,
412 799 457 891 ή
468 803 760 890 συγγινώσκουσιν
797 803 929 882 ἑαυτοῖς
958 806 1159 891 κεκρατημέ-

143 936 218 990 νοις
238 910 295 978 καλ
317 908 376 990 τάς
397 908 513 990 πόλεις
535 911 771 997 ἐπιτρέπουσιν
793 908 893 1002 αύτῷ.
933 906 1158 999 ἀποκριναμέ-

143 1042 215 1084 νων
238 1014 270 1083 δ’
297 1015 410 1085 αὐτῶν
435 1013 487 1086 ότι
508 1018 566 1084 καὶ
587 1014 646 1095 τάς
667 1015 782 1097 πόλεις
804 1017 1042 1106 ἐπιτρέπουσιν
1065 1013 1159 1110 αὐτῷ

142 1123 198 1190 καὶ
220 1120 282 1210 τήν
306 1121 445 1211 εἰρήνην
469 1124 665 1209 στέρξουσιν
689 1121 743 1209 ἐφ’
770 1119 822 1204 οἷς
842 1121 886 1191 ἀν
908 1148 988 1193 ποτε
1013 1127 1159 1204 δικαίοις

143 1226 246 1316 αύτής
284 1227 424 1316 τύχωσι,
468 1227 649 1318 περιχαρής
695 1230 749 1297 ἐπὶ
789 1229 922 1310 τούτοις
961 1230 1158 1318 γενόμενος,

101 1306 315 1434 1ΞἉκούσατε
338 1340 419 1422 νύν,
443 1341 583 1424 ἔφησεν,
606 1334 660 1422 ἐφ’
687 1331 737 1416 οἷς
758 1336 987 1425 καταλύσομαι
1009 1335 1072 1406 τὸν
1094 1337 1156 1405 πό-

141 1450 245 1530 λεμον
273 1447 417 1523 δικαίοις
442 1445 499 1517 καὶ,
525 1448 620 1523 τίνας
646 1440 729 1531 ὑμῖν
759 1447 883 1530 δίδωμι
905 1445 1056 1534 χάριτας·
1090 1442 1157 1532 ἐγω

146 1554 331 1640 Τυρρηνῶν
359 1548 436 1619 ούτε
462 1549 659 1619 ἀποκτεῖναί
684 1576 760 1618 τινα
782 1548 962 1640 πρόθυμός
984 1555 1052 1638 είμι
1076 1549 1157 1620 οὔτε

142 1655 279 1744 φυγάδα
310 1661 449 1744 ποιήσαι
484 1660 544 1744 τής
575 1661 736 1744 πατρίδος
767 1655 844 1726 ούτε
876 1656 1052 1745 ἀφαιρέσει
1085 1663 1157 1727 τῶν

141 1762 362 1852 ὑπαρχόντων
386 1768 546 1851 ζημιῶσαι
568 1762 628 1843 τάς
650 1790 685 1832 τε
703 1762 817 1844 πόλεις
838 1761 921 1851 ὑμῖν
944 1763 1069 1852 ἀφίημι
1091 1766 1155 1834 πά-

101 1889 127 1931 15
142 1889 203 1950 σας
225 1867 462 1959 ἀφρουρήτους
483 1870 540 1938 καὶ
562 1868 839 1959 ἀφορολογήτους
862 1872 918 1939 καὶ
941 1870 1158 1959 αὐτονόμους

140 1981 309 2057 πολιτείας
330 2003 366 2045 τε
387 1975 516 2064 κόσμον
545 1975 665 2066 ἑκάστη
693 1976 874 2065 φυλάττειν
903 1982 1066 2066 συγχωρῶ
1093 1977 1157 2049 τὸν

141 2181 190 2259 ὧν
214 2193 337 2277 δίδωμι
355 2189 492 2259 πάντων
514 2188 658 2279 ὑπάρξαι
682 2217 739 2278 μοι
758 2190 837 2281 παρ’
858 2188 971 2279 ὑμῶν,
992 2190 1056 2279 τήν
1079 2191 1157 2280 ήγε-

140 2301 264 2384 μονίαν
291 2300 359 2365 τῶν
382 2296 530 2382 πόλεων,
562 2288 602 2384 ής
629 2297 747 2387 κύριος
778 2298 840 2387 μὲν
872 2305 990 2388 ἔσομαι
1018 2303 1075 2369 καὶ
1105 2299 1206 2389 μήτις

100 2424 127 2465 ιο
139 2406 359 2491 βουλομένων
386 2401 484 2491 ὑμῶν
512 2405 575 2484 ἕως
606 2399 650 2473 ἀν
677 2408 787 2493 κρατῶ
814 2420 885 2486 τοῖς
913 2404 1044 2494 ὅπλοις,
1072 2407 1153 2497 παρ’

140 2509 288 2579 ἑκόντων
308 2511 346 2580 δὲ
364 2513 494 2599 μᾶλλον
512 2506 534 2598 ή
552 2507 631 2600 παρ’
648 2509 800 2581 ἀκόντων
818 2526 932 2600 τυχεῖν
951 2512 1055 2601 αύτής
1072 2517 1155 2603 βού-

138 2626 248 2705 λομαι.
292 2616 385 2687 ταῦτ’
410 2616 631 2706 ἀπαγγέλλετε
652 2633 726 2699 ταῖς
747 2619 898 2706 πόλεσιν,
922 2618 986 2708 ἐγὼ
1010 2621 1049 2691 δὲ
1071 2621 1154 2710 ὑμῖν

139 2727 321 2812 ἐκεχειρίαν
346 2726 408 2805 ἕως
430 2721 474 2794 ἀν
496 2723 667 2812 ἀφίκησθε
689 2728 844 2814 παρέξειν
868 2723 1109 2816 ὑπισχνοῦμαι.

227 2833 311 2900 LXI.
347 2830 476 2911 Ταύτας
502 2830 662 2918 λαβόντες
690 2835 726 2900 οί
751 2833 907 2920 πρέσβεις
933 2832 992 2913 τὰς
1013 2832 1151 2922 ἀποκρί-

99 2965 125 3007 εε
139 2957 208 3017 σεις
239 2935 368 3032 ᾤχοντο
406 2939 463 3005 καὶ
499 2937 569 3026 μετ’
604 2938 720 3025 ὀλίγας
755 2936 880 3027 ἡμέρας
914 2942 1070 3028 παρῆσαν
1109 2941 1150 3010 ού

138 3043 261 3131 λόγους
288 3043 378 3137 αύτῷ
406 3042 514 3133 μόνον
546 3047 708 3132 φέροντες
738 3045 874 3132 ψιλούς,
906 3044 991 3115 ἀλλά
1018 3048 1079 3118 καὶ
1112 3047 1152 3117 τά

209 3245 225 3296 2
249 3236 319 3309 παρ’
344 3235 439 3296 αύτῶν
463 3235 619 3313 βούλεσθαι
641 3239 664 3294 Β
692 3243 717 3311 β.
740 3236 810 3308 παρ’
834 3236 929 3297 αύτύν
951 3243 976 3296 R
1068 3250 1085 3298 3
1111 3240 1152 3301 ἔτ’

140 3310 226 3366 έτιΑ
290 3307 402 3386 θαύτῷ
419 3313 445 3367 R
468 3305 610 3385 ἐκείνφΒ
676 3317 709 3366 10
728 3312 794 3384 νῦν]
808 3303 867 3386 ιοὖν
893 3331 916 3369 ο.
935 3313 1065 3370 Hertlein
1084 3316 1154 3372 Her-

138 3401 198 3439 mes
216 3383 242 3438 X
260 3401 287 3454 p.
307 3388 359 3437 412
432 3389 465 3438 23
487 3378 747 3454 ἒ<κιι>εχειρίανΒ
818 3389 853 3440 26
871 3380 906 3440 τά
927 3401 981 3442 om.
1000 3388 1027 3440 A
