2454 3916
153 224 217 290 378
578 229 742 279 -Γ-

151 383 215 470 λῆν
248 385 286 453 δὲ
317 390 412 453 λείαν
449 387 485 454 ἐκ
520 389 580 473 τῆς
611 382 784 473 Ῥωμαίων
821 383 930 472 χῶρας
967 383 1168 464 ἐλαύνοντες

151 489 309 578 ἀπῆλθον
337 490 387 561 ἐπ’
414 501 526 581 οἴκου,
554 492 710 582 φρουράυ
739 495 777 561 έν
805 497 844 582 τῆ
871 491 1004 581 Φιδήνη
1034 499 1169 560 καταλι-

151 598 272 680 πόντες
303 600 513 688 ἀποχρῶσαν.
563 600 648 687 αὕτη
681 599 744 688 χάρ
777 598 798 687 ῆ
830 598 926 680 πόλις
959 596 1168 688 ὁρμητῆριον

152 701 267 786 αὐτοῖς
294 710 432 776 ἔσεσθαι
459 706 637 798 κράτιστον
666 706 774 776 ἐδόκει
802 709 864 775 τοῦ
890 703 974 776 κατὰ
992 703 1169 792 Ῥωμαίων

112 779 307 909 ξπολέμου.
357 815 515 900 βασιλεὺς
547 814 584 883 δὲ
621 813 807 900 Ταρκύνιος
840 817 888 893 είς
918 808 1061 881 τούπιὸν
1095 815 1169 890 ἔτος

145 914 330 1006 Ῥωμαίους
361 947 396 988 τε
429 920 623 1008 σύμπαντας
653 926 863 1001 καθοπλίσας
892 919 950 988 καὶ
976 916 1068 1006 παρὰ
1100 922 1169 985 τῶν

151 1023 336 1112 συμμάχων
365 1025 467 1107 ὅσους
494 1026 636 1096 έδάνατο
663 1030 841 1106 πλείστους
866 1023 1073 1115 παραλαβῶν
1097 1027 1168 1111 ἐξῆ-

104 1207 109 1215 ,
150 1156 210 1217 χεν
239 1133 292 1200 έπλ
318 1131 397 1214 τοὺς
423 1138 603 1220 πολεμίους
629 1137 726 1222 ἔαρος
748 1134 953 1221 ἀρχομένου,
976 1137 1056 1221 πρίν
1080 1135 1215 1206 ἐκεί-σοι

150 1263 232 1316 νους
255 1240 487 1326 συναχθέντας
513 1241 546 1321 ἐξ
569 1236 709 1307 ἀπασῶν
732 1243 802 1308 τῶν
827 1241 960 1307 πόλεων
983 1237 1034 1306 ἐπ’
1061 1237 1167 1309 αὐτὸν

112 1363 138 1403 1⁰
151 1341 196 1424 ῶς
218 1344 383 1434 πρότερον
407 1349 533 1415 ἐλθεῖν·
560 1347 617 1415 καὶ
641 1343 762 1414 διελῶν
785 1350 833 1426 είς
856 1346 919 1415 δυό
939 1350 1060 1433 μοίρας
1083 1345 1167 1415 ἀπα-

151 1469 215 1520 σαν
242 1449 305 1538 τῆν
333 1453 481 1541 δύναμιν
507 1456 567 1541 τῆς
593 1453 655 1540 μὲν
672 1450 858 1540 Ῥωμαϊκῆς
885 1456 1041 1543 στρατιᾶς
1064 1452 1166 1534 αὐτὸς

150 1556 339 1646 ῆγοόμενος
362 1560 415 1627 έπλ
437 1558 496 1640 τάς
517 1559 631 1641 πόλεις
653 1565 721 1630 τῶν
747 1565 933 1648 Τυρρηνῶν
957 1559 1166 1648 ἐστράτευσε,

149 1669 208 1753 τῆς
232 1665 270 1734 δὲ
293 1671 515 1754 συμμαχικῆς,
544 1668 582 1735 έν
604 1659 626 1756 ῆ
649 1665 687 1735 τό
715 1674 873 1735 πλεῖστον
900 1667 1001 1756 μέρος
1030 1694 1076 1754 ην
1098 1672 1166 1737 τῶν

150 1776 323 1858 Λατίνων,
354 1771 507 1860 Ἠχέριον
539 1772 600 1842 τὸν
637 1772 759 1842 ἑαυτοῦ
792 1776 938 1860 συγγενῆ
976 1773 1166 1862 στρατηγὸν

112 1893 138 1935 15
152 1878 330 1960 ἀποδείξας
362 1878 415 1946 έπὶ
450 1878 530 1960 τοὺς
564 1883 601 1949 ἐν
637 1879 770 1969 Φιδῆνη
802 1885 982 1967 πολεμίους
1013 1882 1166 1950 ἐκέλευσε

111 1977 281 2073 4χωρεῖν.
323 1984 343 2073 ῆ
368 1983 430 2073 μὲν
459 1979 522 2055 οὖν
551 1985 740 2075 συμμαχικὴ
763 1992 906 2074 πλησίου
929 1991 988 2073 τῆς
1014 1986 1167 2074 Φιδήνης

149 2090 210 2161 τὸν
240 2093 368 2182 χάρακα
400 2092 463 2162 οὐκ
493 2097 531 2163 ἐν
564 2091 708 2182 ἀσφαλεῖ
740 2099 852 2186 χωρίφ
881 2096 1009 2180 θεμένη
1039 2091 1098 2161 διά
1127 2091 1165 2163 τὸ

149 2213 376 2287 καταφρονεῖν
415 2205 484 2269 τῶν
526 2205 695 2288 πολεμίων
738 2199 856 2287 όλίχον
895 2198 989 2280 τινός
1028 2203 1165 2289 ἐδέησεν

150 2310 240 2375 πᾶσα
265 2309 512 2396 διαφθαρῆναι·
538 2310 573 2376 ολ
592 2305 656 2394 χάρ
681 2309 718 2375 ἐν
741 2311 780 2397 τῆ
800 2307 896 2376 πόλει
914 2307 1062 2395 φρουροὶ
1085 2305 1164 2394 βοῆ-

111 2422 251 2481 εθθειαν
275 2414 391 2498 ἑτέραν
413 2411 504 2502 παρά
528 2416 713 2502 Τυρρηνῶν
735 2413 849 2501 κρύφα
872 2413 1164 2500 μεταπεμψάμενοι

150 2520 206 2588 καὶ
228 2516 437 2605 φυλάξαντες
462 2517 583 2609 καιρόν
610 2519 799 2606 ἐπιτήδειον
827 2518 1021 2600 ἐξελθόντες
1048 2522 1085 2588 ἐκ
1107 2523 1165 2606 τῆς

149 2625 278 2707 πόλεως
299 2628 360 2696 τόν
382 2653 417 2695 τε
440 2625 570 2714 χάρακα
592 2628 660 2694 τῶν
690 2631 860 2714 πολεμίων
883 2629 1005 2713 ἔλαβον
1030 2628 1064 2708 ἐξ
1088 2626 1165 2712 ἐφό-

152 2736 215 2801 δου
238 2732 376 2819 φαύλως
394 2732 649 2822 φυλαττόμενον
667 2733 724 2800 καὶ
745 2736 814 2800 τῶν
837 2732 1093 2819 ἐξεληλυθότων
1112 2734 1164 2802 έπδ

111 2837 209 2918 5τάς
235 2837 408 2927 προνομὰς
434 2838 543 2908 πολὺν
576 2838 775 2927 εἰργάσαντο
806 2837 928 2924 φόνον.
976 2836 998 2925 ῆ
1027 2839 1065 2908 δὲ
1087 2838 1164 2908 Ῥω-

110 2961 136 3002 25
151 2951 261 3035 μαίων
284 2948 427 3034 δύναμις
449 2938 489 3034 ῆς
516 2947 702 3035 Ταρκύνιος
723 2943 836 3032 ῆχεῖτο
859 2943 922 3032 τῆν
947 2945 1164 3016 Οὐιεντανῶν

149 3059 308 3142 κείρουσα
329 3055 385 3122 καὶ
407 3056 615 3140 λεηλατοῦσα
638 3051 751 3140 χῶραν
773 3052 829 3120 καλ
850 3050 978 3132 πολλδις
1001 3048 1165 3138 ῶφελείας

220 3282 353 3342 λέδόκει
370 3281 519 3356 κράτιστον
539 3281 657 3339 ἔσεσθαι
676 3282 699 3338 0
724 3284 838 3354 praeter
855 3283 878 3337 B
953 3278 1022 3353 14ῆ
1025 3283 1075 3353 χέρ
1076 3303 1121 3339 ιον
1138 3284 1164 3337 Α

150 3363 182 3413 17
203 3354 254 3412 τόν
272 3355 384 3428 χάρακα
406 3359 472 3444 post
494 3353 606 3425 θεμένη
627 3354 650 3409 0
674 3357 787 3424 praeter
809 3354 853 3440 ΒΙ
869 3356 960 3428 χωρίῳ
978 3303 1047 3411 ῖοτά.
1060 3305 1163 3411 ‘’delen-

149 3429 217 3483 dum
236 3432 280 3484 est
343 3436 376 3485 19
394 3423 554 3484 *ἀπασαΟ
621 3430 656 3480 23
677 3375 926 3494 ἐξεληλυθότωνΒ
943 3409 1163 3491 έξελθόντυνΒ

150 3506 184 3556 24
203 3501 359 3571 προνομίας
376 3501 402 3554 A
