2454 3916
525 250 691 300 -Γ..

102 405 224 485 ἐθάδες
241 397 329 491 ῆσαν
348 407 384 472 ἐκ
402 410 569 491 πλείστου,
592 406 648 474 καὶ
666 409 902 496 περιεγένοντο
921 406 1011 495 παρά
1029 405 1116 476 πολὺ

101 516 169 581 τῆν
192 516 353 598 Σαβίνων
379 525 449 592 τοϊς
476 539 511 580 τε
539 512 727 600 φεύγουσιν
758 513 870 583 αὐτῶν
898 516 951 584 ἐπὶ
973 513 1035 584 τὸν
1058 513 1114 602 χά-

102 646 186 705 ρακα
210 618 353 707 σποράσι
380 619 436 688 καὶ
463 617 682 700 ἀσυντάκτοις
710 620 852 702 ἐκποδός
876 621 1033 710 ἑπόμενοι
1056 646 1114 689 πο-

101 724 165 795 λὺν
188 728 326 794 ἐποίουν
350 725 471 814 φόνον.
515 726 737 812 κρατήσαντες
765 728 803 796 δέ
829 730 885 797 καὶ
908 733 967 816 τῆς
989 726 1155 816 παρεμ-4

100 835 204 919 βολῆς
234 830 347 900 αὐτῶν
383 836 608 900 παντοδαπῶν
642 834 820 922 χρημάτων
856 833 1024 923 γεμούσης
1059 834 1141 902 καδε

100 937 179 1018 τοὺς
202 937 445 1026 αίχμαλοότους,
475 936 535 1019 οὓς
563 944 686 1027 ἔλαβον
718 945 753 1009 οί
773 947 920 1029 Σαβῖνοι
947 939 1030 1009 κατδι
1058 938 1117 1019 τάς

100 1044 287 1134 προνομάς,
315 1043 542 1132 ἀπολαβόντες
578 1045 728 1136 ἀπῄεσαν
759 1047 809 1116 ἐπ’
836 1058 940 1117 οίκου.
991 1050 1028 1115 αί
1053 1047 1116 1135 μέν

103 1149 145 1240 δῆ
168 1152 342 1239 πολεμικαὶ
364 1151 499 1240 πράξεις
521 1155 622 1220 τοῦδε
643 1157 705 1221 τοῦ
729 1156 893 1240 βασιλέως
923 1158 961 1223 αί
981 1153 1119 1243 μνήμης
1169 1142 1176 1157 ’

100 1259 156 1326 καὶ
179 1256 285 1345 λόγου
306 1257 396 1347 παρὰ
414 1255 590 1346 Ῥωμαίοις
617 1259 847 1346 τυγχάνουσαι
875 1265 1004 1328 τοιαίδε
1026 1259 1118 1338 τινές

106 1367 261 1450 λέγονται
279 1367 453 1450 γενέσθαι·
478 1366 645 1434 πολιτικαὶ
670 1365 708 1434 δὲ
731 1362 771 1446 δὶς
794 1371 933 1455 ἔρχομαι
955 1368 1071 1448 λέξων.
1130 1389 1156 1429 ιο

46 1495 100 1547 532
191 1491 374 1556 XXXXIII.
406 1492 552 1576 Πρῶτον
574 1488 637 1577 μέν
664 1492 704 1578 τῆ
732 1489 827 1558 πόλει
850 1502 974 1578 μοῖραν
998 1487 1040 1558 οὐ
1065 1517 1116 1577 μι-

100 1593 187 1684 κράν
220 1597 432 1684 προσέθηκεν
464 1600 610 1682 τειχίσας
646 1594 707 1663 τὸν
739 1595 924 1683 λεγόμενον
953 1593 1117 1664 Ἀουεντῖ-

101 1723 179 1771 νον·
202 1706 272 1770 έστι
295 1701 333 1769 δέ
352 1701 457 1788 λόφος
479 1699 608 1788 ὑψηλὸς
631 1703 780 1781 ἐπιεικῶς
805 1699 1029 1770 ὀκτωκαίδεκά
1049 1727 1116 1770 που

55 1802 59 1813 ’
102 1813 248 1877 σταδίων
270 1805 332 1895 τῆν
354 1812 571 1894 περίμετρον,
600 1803 637 1886 ὃς
659 1806 734 1876 τότε
757 1807 819 1895 μὲν
846 1806 928 1895 ὕλης
950 1812 1117 1877 παντοδα-

100 1919 165 2002 πῆς
192 1912 310 2002 μεστὸς
336 1905 396 2001 ῆν,
428 1919 583 2000 πλείστης
615 1912 652 1981 δέ
684 1914 740 1981 καί
768 1919 945 2001 καλλίστης
972 1914 1115 2004 δάφνης,
1130 1937 1156 1978 ιο

101 2020 156 2109 ἐφ’
186 2015 226 2108 ῆς
253 2023 433 2109 Λαυρῆτον
460 2017 526 2089 ὑπὸ
548 2016 722 2108 Ῥωμαίων
754 2029 902 2089 καλεῖται
934 2020 1036 2102 τόπος
1068 2049 1118 2102 τις

101 2126 152 2198 ἐπ’
174 2126 292 2196 αὐτοῦ·
314 2131 380 2196 νῦν
400 2127 438 2195 δὲ
460 2130 576 2195 οίκιῶν
596 2129 665 2196 ἐστι
683 2126 812 2215 πλήρης
832 2125 928 2214 άπας,
948 2133 1034 2196 ἔνθα
1053 2126 1117 2197 σὺν

100 2242 239 2314 πολλοῖς
261 2233 376 2314 άλλοις
402 2234 458 2302 καὶ
486 2232 524 2302 τὸ
552 2237 611 2320 τῆς
630 2232 821 2322 Ἀρτέμιδος
850 2231 944 2321 ίερὸν
972 2237 1117 2323 ἵδρυται,

102 2350 247 2432 είργεται
284 2340 322 2408 δέ
357 2337 418 2428 ἀφ’
453 2341 571 2427 ἑτέρου
611 2343 679 2408 τάν
722 2341 1035 2427 συμπεριεχομένων
1075 2344 1116 2428 τῆ

46 2446 210 2536 533Ῥτόμη
230 2446 347 2535 λόφων
365 2449 427 2514 τοῦ
446 2448 659 2533 καλουμένου
681 2449 910 2531 Παλλαντίου,
933 2446 1008 2531 περὶ
1029 2441 1070 2514 όν
1094 2443 1157 2533 ῆεο

100 2553 215 2641 πρωτη
246 2561 556 2621 κατασκευασθεῖσα
588 2551 685 2631 πόλις
723 2550 867 2638 ίδρόθη,
904 2557 1027 2644 βαθείᾳ
1059 2553 1116 2620 καὶ

102 2664 202 2750 στενῆ
227 2659 384 2747 φάραγγι.
430 2661 467 2727 ἐν
496 2659 534 2728 δὲ
560 2672 631 2738 τοῖς
652 2658 796 2745 ὕστερον
823 2657 959 2745 χρόνοις
981 2658 1116 2747 ἐχώσθη

102 2770 167 2847 πάς
190 2764 208 2835 δ
232 2765 354 2854 μεταξὺ
376 2769 444 2835 τῶν
469 2765 586 2853 λόφων
603 2763 726 2833 αὐλάν.
769 2767 892 2832 τοῦτον
912 2763 954 2852 δῆ
976 2763 1036 2834 τὸν
1060 2762 1155 2835 λό-2

101 2901 171 2962 φον
195 2875 399 2960 ἐπιτείχισμα
421 2872 504 2940 κατὰ
530 2876 589 2960 τῆς
615 2872 742 2951 πόλεως
770 2871 861 2957 ὁρῶν
884 2873 1062 2960 ἐσόμενον,
1087 2883 1121 2942 εί

175 3129 200 3178 4.
220 3128 235 3176 5
256 3141 344 3191 κρατη
337 3116 413 3176 ’καί
431 3141 498 3183 τους
517 3116 709 3190 οιίχμαλωτους
727 3121 752 3174 Α
777 3121 892 3190 reliquis
916 3119 1025 3176 omissis
1045 3137 1116 3188 quae

101 3229 133 3284 in
146 3245 207 3282 mar
237 3245 272 3282 ne
291 3227 355 3283 add.
412 3233 444 3281 12
464 3212 747 3352 ⁷²0<⁰⁶gffiv½⁸vl
705 3227 747 3295 ΒΙ
764 3223 945 3297 *ἐντειχίσας
960 3226 982 3280 Ο
1000 3228 1004 3293 ι
1020 3229 1115 3280 λουεν-

102 3304 182 3355 τῖνον
311 3303 344 3351 13
369 3295 416 3352 ἐπὶ
440 3299 530 3353 είκοοι
582 3316 600 3353 a
676 3305 710 3354 15
733 3298 934 3366 καλλίστης
902 3318 917 3352 τ
917 3317 951 3367 ης
974 3296 1116 3383 Kiessling

103 3377 137 3426 16
156 3369 243 3440 λαυρ
244 3389 308 3432 ντος
326 3363 352 3423 A
369 3366 563 3439 λαάρεντοςΒ
619 3318 958 3434 17ἐπ’Βι“1ολεεῙεεέξηΟ
1014 3374 1056 3494 18έ
1067 3363 1115 3421 άλ-

102 3446 160 3503 λοις
183 3441 230 3495 Bb
258 3444 355 3503 καλοῖς
377 3440 454 3494 ΑΒα
535 3447 568 3495 19
591 3437 756 3511 άμφοτέρον
780 3438 805 3491 A
825 3443 830 3507 Ι
851 3456 1040 3509 ουμκεριεχομ
1043 3437 1133 3494 ένων·

103 3530 159 3568 om.
178 3511 221 3580 ΒΙ
239 3506 410 3583 ἐντῆβ.Β
482 3508 670 3581 λθλόφουΑ
