2454 3916
113 232 243 298 ει.
535 229 701 284 -ι-

112 414 146 462 σι
182 396 240 479 τῆς
278 391 397 473 ἐξόδου
440 391 679 480 στρατεύουσιν
721 390 774 460 ἐπὶ
811 389 891 470 τοὺς
927 385 1125 478 Ὀμβρικοὺς

110 501 167 568 καὶ
189 499 290 567 πόλιν
313 495 425 567 αὐτῶν
449 496 634 586 εὐδαίμονα
653 498 710 566 καὶ
728 496 876 586 μεγάλην
899 495 998 584 άφνω
1021 517 1124 584 προσ-

110 605 269 685 πεσόντες
295 607 430 693 αίροῦσι
453 605 636 693 Κρότωνα·
662 603 765 693 ταότη
794 609 948 695 φρουρίῳ
975 605 1031 672 καὶ
1055 606 1123 672 ἐπι-

110 719 293 800 τειχίσματι
320 711 403 780 κατά
430 715 499 782 τῶν
522 709 707 799 Ὀμβρικῶν
737 709 918 798 χρῶμενοι,
949 730 1124 779 κατεσκευ-

82 821 239 908 5ασμένη
262 846 299 886 τε
327 815 372 898 ῶς
399 823 505 906 ἔρυμα
532 816 619 886 εἶναι
646 819 794 903 πολέμου
818 815 1042 903 ἀποχρώντως
1067 817 1124 884 καὶ

109 925 225 1012 χῶραν
248 924 369 1012 ἐχοόση
392 921 454 1011 τὴν
476 925 570 1012 πέριξ
592 921 750 1010 εόβοτον,
772 926 908 991 πολλῶν
930 923 987 990 καὶ
1009 920 1123 990 ἀλλων

109 1030 296 1116 ἐκράτησαν
326 1035 459 1118 χωρίων
488 1043 559 1109 τοῖς
586 1056 622 1098 τε
641 1026 824 1116 Ἀβοριγῖσι
850 1027 910 1097 τὸν
933 1027 1017 1116 πρὸς
1043 1028 1124 1109 τοὺς

109 1133 274 1216 Σικελοὺς
309 1135 457 1225 πόλεμον
494 1141 541 1204 ἔτι
578 1140 768 1205 συνεστῶτα
804 1139 910 1224 πολλῇ
947 1142 1125 1224 προθυμίᾳ

111 1243 356 1328 συνδιέφερον,
387 1243 449 1320 ἕως
471 1241 634 1327 ἐξήλασαν
657 1239 780 1321 αὐτοὺς
807 1243 844 1309 ἐκ
871 1244 930 1328 τῆς
953 1243 1123 1329 σφετέρας.

69 1333 166 1418 5καί
188 1347 302 1428 πόλεις
323 1345 463 1432 πολλάς,
492 1344 551 1427 τάς
573 1347 634 1434 μὲν
658 1349 858 1434 οἰκουμένας
878 1348 934 1415 καί
956 1347 1122 1434 πρότερον
1143 1374 1178 1423 54

69 1423 175 1526 10ὑπὸ
207 1458 275 1522 τῶν
308 1457 480 1539 Σικελῶν,
512 1451 571 1533 τάς
606 1450 643 1520 δ’
678 1450 774 1521 αὐτοὶ
804 1451 1123 1539 κατασκευάσαντες,

108 1561 224 1654 ᾤκουν
248 1563 283 1628 οί
304 1560 474 1646 Πελασγοὶ
496 1563 593 1649 κοινῇ
617 1557 698 1646 μετά
719 1562 788 1627 τῶν
809 1556 1045 1646 Ἀβοριγίνων,
1071 1551 1123 1627 ῶν

108 1669 201 1736 ἐστιν
224 1663 246 1752 ἦ
265 1692 301 1734 τε
315 1669 539 1752 Καιρητανῶν
562 1665 669 1751 πόλις,
681 1664 831 1751 ’Ἀγυλλα
849 1664 888 1733 δὲ
904 1663 979 1734 τότε
1000 1673 1123 1734 καλου

110 1774 210 1860 μένη,
238 1772 294 1838 καὶ
317 1776 409 1838 Πίσα
436 1773 492 1839 καὶ
514 1777 687 1858 Σατορνία
714 1770 922 1840 καίἈλσιον
945 1773 1001 1839 καὶ
1023 1769 1124 1840 ἀλλαι

69 1896 96 1939 1⁶
106 1877 209 1962 τινὲς,
233 1872 273 1956 ἀς
295 1874 361 1943 ἀνά
383 1877 511 1964 χρόνον
533 1876 598 1946 ὑπὸ
626 1882 812 1965 Τυρρηνῶν
835 1875 1067 1966 ἀφηρέθησαν.

198 1984 285 2050 ΧΧΙ.
318 1986 486 2071 Φαλέριον
510 1985 548 2054 δὲ
578 1986 634 2053 καὶ
664 1987 874 2053 Φασκέννιον
903 1989 950 2053 ἔτι
982 1986 1038 2052 καὶ
1075 1989 1124 2065 εἰς

108 2088 166 2176 ἐμὲ
190 2080 277 2175 ἦσαν
307 2087 502 2175 οἰκούμεναι
528 2087 594 2158 ὑπὸ
619 2087 806 2177 Ῥωμαίων,
830 2087 920 2178 μίκρ’
946 2088 1027 2159 άττα
1050 2094 1124 2160 δια-

109 2193 275 2276 σῶζουσαι
303 2193 524 2282 ζῶπυρατοῦ
561 2199 773 2282 Πελασγικοῦ
805 2199 945 2282 γένους,
968 2202 1124 2267 Σικελῶν

107 2299 319 2388 ὑπάρχουσαι
355 2301 529 2389 πρότερον.
588 2305 625 2371 ἐν
661 2302 796 2384 ταόταις
833 2305 978 2390 διέμεινε
1014 2302 1124 2372 πολλά

68 2429 95 2470 εο
108 2411 178 2477 τῶν
208 2406 358 2495 ἀρχαίων
391 2408 636 2497 διαιτημάτων,
670 2404 721 2489 οἷς
749 2407 787 2478 τὸ
812 2406 1011 2495 Ἑλληνικόν
1040 2409 1121 2479 κοτ’

106 2513 280 2601 ἐχρήσατο,
303 2515 356 2582 ἐπὶ
379 2515 540 2602 μήκιστον
562 2516 700 2603 χρόνον,
723 2511 798 2584 οἷον
822 2513 892 2584 ὅτε
914 2521 983 2584 τῶν
1007 2513 1123 2585 ὅπλων

106 2623 176 2688 τῶν
208 2627 477 2707 πολεμιστηρίων
509 2622 652 2709 κόσμος,
685 2619 823 2703 ἀσπίδες
846 2620 1034 2709 Ἀργολικαὶ
1065 2625 1123 2692 καί

108 2724 246 2812 δόρατα,
269 2725 325 2792 καί
348 2721 447 2794 ὁπότε
470 2728 619 2814 πολέμου
641 2725 800 2814 ἀρχοντες
822 2723 842 2815 ἢ
865 2726 944 2807 τοὺς
967 2728 1125 2810 ἐπιόντας

107 2827 317 2918 ἀμυνόμενοι
341 2829 484 2917 στρατὸν
506 2829 688 2919 ὑπερόριον
706 2830 942 2902 ἀποστέλλοιεν
966 2838 1055 2922 ἱεροί
1073 2863 1123 2904 τι-

66 2955 164 3016 τινες
190 2926 313 3023 ἀνδρες
339 2933 484 3005 ἀνοπλοι
510 2936 574 3024 πρὸ
604 2941 672 3007 τῶν
699 2936 812 3007 ἀλλων
840 2940 949 3020 ἰόντες
976 2945 1123 3011 σπονδο-

180 3137 194 3185 1
215 3125 317 3195 ἐξόδου
342 3131 365 3184 Β
403 3126 534 3202 διεξόδου
558 3134 583 3186 R
654 3139 670 3188 3
695 3134 823 3203 αἰρονσιν
846 3136 871 3188 Α
913 3136 1024 3206 αἴρουσι
1047 3138 1095 3194 Ba
1117 3143 1120 3210 Ι

106 3196 197 3273 ταότη
217 3199 249 3256 δὲ
277 3218 300 3256 ο.
323 3201 427 3257 Reiske
513 3201 658 3265 5τέωςΒ
744 3210 777 3258 11
801 3200 852 3268 τὰς
873 3201 901 3259 δ’
925 3208 948 3262 Β
974 3203 1026 3271 τάς
1044 3207 1077 3264 δὲ
1097 3211 1124 3265 R

144 3279 177 3328 13
196 3273 367 3342 καιριτανῶν
381 3272 424 3341 B!
449 3268 591 3328 ἀτνλλαΑ
614 3268 704 3329 άτνλα
723 3276 746 3330 Β
802 3281 834 3330 17
854 3269 973 3332 ἀτταιΒ
1029 3286 1062 3334 19
1084 3277 1121 3351 δὴ

107 3343 232 3414 διένειμε
255 3339 343 3397 πολλά
367 3343 424 3397 τῶν
446 3339 603 3414 ἀργολικῶν
626 3360 649 3399 0.
668 3345 770 3401 Reiske
847 3353 879 3402 21
904 3343 1007 3418 χρόνον
1038 3350 1123 3408 Gras-

106 3414 207 3484 berger
230 3414 307 3470 Τεεε.
334 3413 449 3485 Herbip.
474 3434 501 3485 p.
528 3422 561 3470 22
642 3422 678 3471 24
699 3412 854 3487 ὑπερόριον
875 3417 1020 3491 Kiossling
1046 3417 1121 3495 ὑπὲρ

106 3484 163 3539 τῶν
183 3479 258 3555 ὅρων
277 3485 300 3540 O
318 3479 392 3555 ὑπὲρ
411 3481 478 3550 τοὺς
496 3480 580 3556 ὅρους
597 3487 699 3543 Reiske
