2454 3916
154 205 217 270 166
574 205 738 260 -B-

152 368 326 452 ἐκκλησίας
344 368 503 452 συνῆγον.
542 370 611 434 ἐστι
631 365 668 433 δέ
688 363 764 434 οότε
777 362 804 456 [ἡ
823 369 892 435 τῶν
910 364 1068 454 κηρύκων
1083 363 1162 435 ἀνά-

151 479 267 558 κλησις
288 475 347 559 τής
373 470 543 559 εὐγενείας
565 475 634 541 τῶν
657 477 841 561 πατρικίων
863 473 1062 562 τεκμήριον,
1088 471 1164 542 οὔτε

153 575 173 665 ή
201 582 259 665 τῆς
286 578 436 667 βυκάνης
463 577 561 667 φωνή
591 582 650 667 τῆς
676 577 845 665 ἀγνωσίας
873 584 942 649 τῶν
973 583 1163 668 δημοτικῶν

152 683 340 772 σύμβολον,
370 684 443 754 ἀλλ’
469 689 579 774 ἐκείνη
612 685 673 774 μέν
704 691 815 774 τιμῆς,
848 685 931 774 αὕτη
965 687 1004 756 δὲ
1033 685 1163 775 τάχους.

111 821 124 862 ε
153 789 193 860 ού
215 790 279 881 γὰρ
304 787 415 862 οἷόντε
439 784 482 880 ήν
501 795 539 861 ἐν
559 791 660 884 ὀλίγρο
677 792 789 885 χρόνῳ
808 791 871 882 τήν
888 791 1026 880 πληθύν
1050 801 1163 862 καλείν

150 900 184 980 ἐξ
208 896 383 986 ὀνόματος.

183 1029 207 1074 >
240 1007 347 1074 VHII.
373 1003 409 1072 ‘0
427 1005 465 1074 δὲ
482 1003 651 1092 Ῥωμύλος
670 1004 784 1093 ἐπειδή
805 1008 950 1094 διέκρινε
966 1003 1048 1087 τοὺς
1060 1011 1163 1096 κρείτ-

150 1139 229 1192 τους
257 1109 321 1181 ἀπό
348 1115 419 1181 τῶν
445 1111 617 1201 ἡττόνων,
635 1098 842 1199 ῥἐνομοθέτει
869 1110 950 1200 μετὰ
978 1115 1081 1182 τοῦτο
1110 1113 1164 1181 καὶ

48 1243 51 1249 ·
152 1221 330 1308 διέταττεν,
353 1215 374 1287 ἃ
397 1217 459 1310 χρή
483 1218 640 1308 πράττειν
664 1220 855 1309 ἑκατέρους·
877 1216 957 1300 τοὺς
979 1217 1043 1306 μέν
1067 1216 1163 1288 εύπα-

110 1355 137 1394 ιο
150 1330 267 1415 τρίδας
289 1330 451 1411 ἱερᾶσθαί
469 1354 504 1395 τε
531 1327 588 1395 καλ
611 1324 727 1414 ἀρχειν
747 1327 811 1394 ,καί
834 1324 980 1408 δικάζειν
1003 1327 1062 1394 καὶ
1084 1323 1160 1414 μεθ’

151 1433 275 1503 ἑαυτοῦ
296 1432 338 1503 τὰ
360 1431 459 1503 κοινά
481 1433 639 1523 πράττειν
664 1435 717 1502 ἐπὶ
739 1437 809 1502 τῶν
831 1430 915 1502 κατά
933 1429 1042 1520 <τήν>
1064 1431 1162 1502 πόλιν

152 1544 261 1628 ἔργων
298 1542 476 1628 μένοντας,
512 1539 592 1621 τούς
630 1540 667 1608 δέ
705 1536 906 1627 δημοτικοὺς
933 1537 1067 1609 τούτων
1104 1539 1162 1628 μὲν

150 1644 381 1715 ἀπολελύσθαι
417 1649 486 1716 τῶν
522 1651 757 1735 πραγματειῶν
790 1644 948 1734 ἀπείρους
983 1672 1020 1714 τε
1052 1644 1162 1716 αὐτόν

151 1751 252 1833 όντας
274 1755 330 1822 καὶ
354 1752 400 1821 δι’
426 1752 571 1842 ἀπορίαν
594 1752 775 1841 χρημάτων
793 1750 974 1840 ἀσχόλους,
997 1762 1200 1841 γεωργείνλιλ

110 1887 137 1928 τε
152 1859 189 1928 δέ
222 1862 278 1928 καί
309 1875 552 1949 κτηνοτροφεῖν
584 1863 641 1929 καί
676 1859 735 1940 τὰς
766 1857 1035 1948 χρηματοποιοὺς
1071 1857 1163 1949 ἐργά-

45 2038 47 2043 ,
152 1974 268 2050 ζεσθαι
294 1969 427 2056 τέχνας,
459 1970 517 2035 ἵνα
545 1966 590 2055 μὴ
619 1966 856 2052 στασιάζωσιν,
887 1964 998 2054 ὥσπερ
1028 1967 1068 2036 ἐν
1095 1979 1163 2046 ταῖς

151 2073 268 2155 ἀλλαις
286 2073 435 2159 πόλεσιν,
458 2071 479 2162 ή
498 2077 567 2143 τῶν
586 2076 623 2143 ἐν
641 2076 728 2144 τέλει
746 2071 1065 2162 προπηλακιζόντων
1087 2072 1163 2154 τοὺς

151 2179 330 2260 ταπεινοὺς
356 2175 378 2268 ή
409 2183 477 2249 τῶν
506 2180 647 2269 φαύλων
674 2181 730 2248 καὶ
757 2177 896 2268 ἀπόρων
927 2192 999 2259 τοῖς
1027 2182 1065 2249 ἐν
1095 2193 1163 2260 ταῖς

112 2285 330 2376 λόπεροχαϊς
366 2286 604 2374 φθονούντων.
663 2283 946 2374 παρακαταθήκας
988 2284 1027 2354 δέ
1062 2290 1163 2355 ἔδωκε

111 2423 141 2464 εο
154 2409 225 2476 τοῖς
255 2389 442 2483 πατρικίοις
473 2392 552 2474 τούς
588 2392 789 2481 δημοτικούς
825 2394 1001 2481 ἐπιτρέψας
1039 2392 1163 2486 ἑκάστω

151 2506 221 2571 τῶν
244 2503 280 2571 ἐκ
301 2505 363 2572 τοῦ
387 2499 551 2588 πλήθους,
575 2496 617 2568 ὃν
636 2497 736 2578 αὐτὸς
754 2497 922 2585 ἐβούλετο,
945 2501 1062 2586 νέμειν
1085 2502 1190 2588 προ·’

151 2608 291 2696 στάτην,
325 2614 405 2688 ἔθος
431 2605 629 2694 Ἑλληνικὸν
665 2608 721 2674 καί
752 2604 909 2695 ἀρχαῖον,
947 2596 974 2697 ᾦ
1007 2610 1167 2676 Θετταλοί

152 2742 188 2784 τε
216 2716 311 2802 μέχρι
338 2718 466 2782 πολλοῦ
493 2713 661 2803 χρεόμενοι
689 2716 879 2783 διετέλεσαν
908 2713 964 2781 καὶ
988 2711 1164 2801 Ἀθηναῖοι

151 2818 224 2890 κατ’
249 2818 363 2908 ἀρχάς,
387 2821 439 2888 ἐπὶ
466 2820 507 2888 τὰ
528 2827 666 2910 κρείττω
695 2819 819 2907 λαβήν.
865 2820 988 2889 ἐκείνοι
1016 2819 1080 2909 μὶν
1103 2819 1163 2910 γὰρ

113 2957 140 2998 νε
154 2925 382 3015 ὑπεροπτικῶς
422 2928 567 3016 ἐχρῶντο
608 2942 678 3008 τοϊς
715 2926 872 3008 πελάταις
911 2931 993 3015 ἔργα
1028 2955 1065 2997 τε
1103 2931 1164 2998 ἐπι-

151 3031 326 3116 τάττοντες
354 3030 394 3101 ού
422 3031 635 3121 προσήκοντα
664 3035 872 3121 ἐλευθέροις,
903 3035 960 3102 καὶ
987 3031 1091 3104 ὁπότε
1122 3033 1163 3124 μή

151 3138 313 3228 πράξειάν
335 3166 367 3207 τι
389 3143 458 3207 τῶν
481 3141 722 3226 κελευομένων,
741 3137 869 3227 πληγὰς
887 3141 1095 3224 ἐντείνοντες
1110 3141 1162 3210 καί

226 3342 257 3391 11
277 3331 329 3404 τὴν
353 3337 417 3390 add.
441 3335 543 3391 Reiske
636 3342 668 3390 13
691 3332 864 3407 πραγμάτων
883 3339 908 3390 Α
999 3344 1033 3395 21
1057 3338 1113 3392 τόν
1131 3330 1161 3391 ἐκ

152 3408 202 3462 τού
221 3404 351 3476 πλήθους
370 3425 423 3463 om.
438 3407 461 3461 B
477 3409 482 3476 Ι
497 3411 664 3476 προστατεῖν
682 3407 708 3460 A
775 3415 811 3464 24
830 3402 893 3463 ἐπεί
910 3403 946 3462 τά
960 3409 983 3463 Β
999 3410 1004 3477 Ι
1022 3407 1123 3482 ἔλαβον
1139 3407 1160 3461 Β

152 3474 318 3552 μεταλαβὼν
337 3497 360 3535 ο.
381 3479 538 3548 Stephanus
