2454 3916
499 233 664 283 -Γ-

74 387 207 458 στεύειν
230 385 310 467 τοὺς
327 385 499 476 Ῥωμαίων
523 387 647 477 ἀγρούς
674 387 793 460 ἄδειαν
821 387 1089 479 ὑπισχνούμενος

71 497 131 565 καὶ
154 493 380 583 παρεσκεύασε
402 494 547 575 πολλοὺς
574 494 741 565 ἀκίνδυνα
767 498 869 585 κέρδη
894 496 1088 584 διῶκοντας,

73 594 123 671 ῶν
159 600 240 671 οὐδὲ
271 600 481 689 κωλυόμενοι
512 599 577 670 ὑπὸ
610 606 670 671 τοῦ
703 605 802 683 δέους
838 601 1088 732 ἀποστήσεσθαι

26 716 234 797 ιοεέμελλον,
265 711 430 796 έμπλήσαι
461 711 609 838 πρλέμον
645 713 825 841 λῃστρικοῦ
856 707 919 797 τήν
951 707 1088 840 όμρρον.

71 821 172 887 τοῦτο
198 813 230 884 δ’
257 821 393 903 ἔπραττε
415 813 499 885 κατὰ
521 814 689 904 λογισμὸν
707 815 769 886 οὑκ
791 815 959 903 ἀπεικότα,
983 813 1027 896 ῶς
1049 842 1087 885 το
1075 801 1128 864 3

73 928 176 1054 ἔργον
199 922 415 1011 ἐμαρτύρησε.
451 920 637 1010 Ῥωμαίους
660 921 782 1011 μέν
745 951 809 1011 γαρ
829 922 891 992 οὐκ
908 887 1115 1005 ἀνέξεσθαιὸ

72 1029 132 1110 τὰς
159 1026 311 1117 ἀρπαγδις
336 1026 586 1117 ὑπελάμβανεν,
613 1027 686 1098 ἀλλ’
713 1032 766 1099 ἐπὶ
798 1028 840 1100 τά
869 1028 955 1100 ὅπλα
982 1029 1089 1132 χωρή-

74 1157 164 1223 σειν,
196 1134 286 1228 αὑτρό
320 1134 351 1202 δ’
382 1137 538 1217 ἐξουσίαν
576 1141 714 1206 ἔσεσθαι
745 1152 944 1227 κατηγορεῖν
977 1126 1089 1207 αὐτῶν

72 1243 158 1333 πρὸς
179 1241 241 1312 τόν
271 1246 379 1330 δήμον
403 1239 448 1323 ῶς
476 1240 650 1331 ἀρχόντων
672 1246 836 1332 πολέμου,
856 1243 1028 1333 Ἀλβανῶν
1052 1245 1090 1313 δδ

73 1354 155 1430 τοὺς
183 1354 359 1429 πλείστους
386 1352 605 1436 φθονοῦντας
635 1363 705 1430 τοϊς
731 1348 884 1430 ἀποίκοις
909 1355 968 1438 τής
994 1349 1090 1420 εύτυ-
1104 1377 1131 1417 ω

26 1464 29 1478 ’
73 1463 148 1546 χίας
178 1459 334 1538 δέξεσθαι
365 1454 424 1537 τδις
457 1454 617 1543 διαβολάς
648 1453 817 1543 ἀσμένους
845 1458 901 1525 καὶ
927 1455 988 1526 τὸν
1015 1455 1087 1526 κατ’

75 1562 188 1633 αὐτῶν
211 1563 360 1653 πόλεμον
383 1564 541 1648 ἐξοίσειν,
565 1560 646 1652 ὅπερ
674 1564 730 1633 καί
754 1565 889 1650 συνέβη.
934 1562 1089 1650 ἀγόντων
1108 1564 1130 1628 4

74 1670 140 1758 γὰρ
167 1671 223 1738 καὶ
251 1669 431 1759 φερόντων
459 1667 624 1756 ἀλλήλους
655 1674 723 1739 τῶν
750 1669 1028 1758 κακουργοτάτων
1056 1672 1090 1752 ἐξ
1118 1687 1122 1693 “
1214 1660 1218 1667 ’

76 1777 232 1865 ἑκατέρας
257 1775 385 1856 πόλεως
414 1777 472 1846 καὶ.
494 1780 649 1865 στρατιᾶς
671 1801 751 1846 ποτε
772 1775 959 1865 Ῥωμαικῆς
991 1778 1091 1864 ἐμβα-

74 1883 202 1970 λούσης
225 1887 273 1964 είς
293 1881 356 1970 τήν
377 1882 560 1970 Ἀλβανῶν,
582 1881 642 1970 ὑφ’
663 1875 704 1971 ής
724 1885 845 1953 πολλοὶ
867 1887 935 1953 τῶν
958 1886 1090 1972 ληστῶν
1105 1908 1131 1949 15

76 1993 113 2060 οί
138 1990 200 2078 μὲν
229 1989 462 2079 ἀνηρέθησαν,
497 1993 532 2058 οί
558 1980 595 2060 δὲ
623 1990 905 2078 συνελήφθησαν,
934 1991 1092 2076 συγκαλέ-

75 2116 139 2177 σας
160 2095 200 2165 τὸ
222 2101 354 2184 πλήθος
372 2102 420 2177 είς
438 2099 615 2184 ἐκκλησίαν
639 2095 657 2166 ὁ
678 2101 848 2182 Κλοίλιος,
867 2098 904 2165 έν
923 2087 944 2186 ή
962 2094 1091 2183 πολλήν
1130 2083 1135 2091 ’

76 2203 256 2290 ἐποιήσατο
284 2207 352 2272 τῶν
375 2202 547 2291 Ῥωμαίων
578 2208 799 2293 κατηγορίαν,
826 2208 1030 2292 τραυματίας
1056 2228 1092 2271 τε

27 2378 31 2386 ,
75 2309 225 2398 συχνούς
256 2310 529 2399 ἐπιδεικνύμενος
559 2312 616 2379 καὶ
646 2308 726 2389 τοὺς
758 2309 991 2398 προσήκοντας
1022 2320 1093 2387 τοῖς
1122 2333 1125 2338 ’

75 2415 305 2506 ἡρπασμένοις
336 2413 357 2504 ή
389 2416 571 2504 τεθνηκόσι
607 2415 769 2505 παράγων
800 2415 857 2483 καὶ
887 2417 990 2482 πλείω
1021 2417 1091 2482 τῶν
1105 2439 1132 2480 ω

26 2521 275 2610 ιιογεγονότων
317 2523 677 2611 ἐπικαταψευδόμενος,
721 2524 901 2610 πρεσβείαν
950 2521 1091 2607 πέμπειν

75 2633 212 2720 πρῶτον
236 2632 422 2717 ἐψηφίσατο
448 2633 542 2710 δίκας
565 2629 771 2717 αίτήσονσαν
796 2631 864 2697 τῶν
886 2625 1091 2713 γεγονότων·

26 2749 29 2760 “
76 2736 138 2806 ἐάν
169 2735 208 2803 δὲ
237 2734 462 2825 ἀγνωμονῶσι
486 2733 645 2824 Ῥωμαῖοι
673 2734 747 2804 τότε
776 2733 837 2803 τὸν
867 2731 1014 2820 πόλεμον
1033 2730 1089 2800 ἐπ’

76 2840 201 2922 αὑτοὺς
223 2843 384 2929 έκφέρειν.
433 2908 436 2912 .

166 2951 225 3016 ΙΠ.
256 2946 485 3036 Ἀφικομένων
509 2947 547 3016 δε
569 2951 637 3017 τῶν
659 2950 927 3035 πρεσβευτῶνί
896 2973 944 3026 ες
960 2943 1092 3035 Ῥῶμηυ
1106 2969 1132 3011 ιε

75 3053 289 3135 ὑποπτεύσας
316 3052 333 3123 δ
366 3052 561 3141 Ρύλλος,“
541 3082 592 3124 οτι
621 3058 715 3135 δίκας
747 3044 989 3140 αίτήσοντες“
966 3081 1092 3141 ηκοιεν,

150 3221 166 3270 3
187 3204 227 3269 ῶν
242 3208 310 3270 οὑδὲ
330 3214 383 3268 ΑΒ
399 3217 404 3284 Ι
423 3209 638 3302 ἀποστήσεσθαι
655 3214 703 3268 Bb
731 3209 929 3282 ἀποτήοεσθαι
946 3207 1039 3268 Βε’
1022 3232 1093 3267 απο-

76 3285 245 3343 τίοεσθαιΑ
299 3284 366 3342 ὅδὲ
381 3306 418 3355 πρ
419 3283 584 3341 ἀττειΒεΒι
637 3281 808 3359 9Αλβανων
817 3285 921 3340 Relske
939 3278 1034 3365 λαβων
1044 3285 1093 3337 ΑΒ

78 3367 112 3415 11
137 3357 279 3423 δέξασθαι
306 3356 329 3411 0
360 3375 429 3412 corr.
459 3357 617 3426 Stephanus
706 3363 741 3412 14
767 3351 911 3444 ἑκατέρας
942 3354 1094 3424 Kiessling,

78 3427 200 3497 ἕκάοτης
219 3427 242 3482 Ο
258 3430 263 3493 Ι
279 3429 410 3499 στρατιᾶς
427 3428 451 3481 Β
469 3430 615 3515 στρατείας
628 3429 654 3483 R
717 3431 750 3483 15
767 3422 904 3498 Ἀλβανῶν
923 3424 1094 3495 Grasberger

77 3502 151 3558 Phil
171 3498 333 3570 XXVIIIp.
354 3505 405 3556 547
422 3495 596 3572 ἈλβανήνΟ
671 3505 703 3554 17
722 3500 835 3561 Κοίλιος
853 3498 905 3551 AB
