2454 3916
431 179 650 276 kr—
1007 218 1074 285 283

56 382 183 470 λήλους
210 377 453 467 ἀναγκάζονται
482 385 577 463 δίκας
602 378 738 469 ὑπέχειν
766 381 855 471 λόγῳ
877 379 1074 468 κρινόμενοι

55 490 114 557 καὶ
136 488 240 579 νόμῳ.
284 489 413 559 τούτων
438 487 481 577 δὴ
503 493 572 558 τῶν
592 492 784 574 διαλλαγῶν
807 490 881 576 έμοδ
900 487 962 575 μὲν
982 487 1114 555 δοκεί5

57 600 182 683 χρῆναι
203 592 262 676 τὰς
285 592 545 683 εὐπρεπεστέρας
571 595 628 663 καὶ
651 594 962 682 μεγαλοψυχοτέρας
986 591 1075 680 ἡμᾶς

57 704 197 770 ἑλέσθαι
226 703 282 770 καλ
308 700 448 789 γνώμην
474 703 603 772 θέσθαι
629 703 705 788 περὶ
732 699 877 790 μηδενὸς
903 697 989 787 ἡμᾶς
1016 696 1074 766 ἀλ-

56 808 175 896 λήλοις
210 823 444 896 μνησικακεῖν,
481 807 523 878 σδ
560 806 592 876 δ’
623 814 655 876 εί
684 806 729 896 μὴ
766 807 882 895 βούλει
920 806 1101 880 διαλλάτι

56 923 177 983 τεσθαι
209 918 331 983 τοῦτον
354 914 415 984 τὸν
442 913 584 1003 τρόπον,
617 908 645 983 ὦ
677 913 798 1000 Τύλλε,
822 911 907 982 ἀλλά
937 913 993 981 καί
1023 916 1074 979 δι-

58 1020 159 1090 δόναι
183 1025 278 1100 δίκας
300 1022 356 1089 καὶ
376 1021 563 1109 λαμβάνειν
581 1019 688 1103 ἀξιοῖς
704 1020 784 1102 τοὺς
806 1022 844 1089 έν
862 1035 935 1101 ταῖς
952 1026 1074 1101 αἰτίαις

57 1125 138 1213 παρ’
168 1122 339 1216 ἀλλήλων,
372 1130 498 1216 ἕτοιμοι
530 1129 585 1196 καί
616 1133 720 1197 ταῦτα
751 1141 861 1197 ποιεῖν
891 1133 979 1196 είσιν
1003 1125 1074 1195 Ἀλ-

57 1235 159 1321 βανοὶ
182 1233 223 1302 τά
245 1233 343 1303 κοινά
371 1240 455 1323 ἔχθη
478 1234 820 1324 προκαταλυσάμενοι.
865 1239 897 1302 εί
919 1236 960 1303 δέ
979 1260 1074 1314 τινας

58 1345 143 1428 ἔχεις
165 1340 255 1429 παρά
278 1341 399 1422 ταύτας
427 1343 537 1428 λέγειν
566 1341 678 1430 ἑτέρας
704 1350 769 1409 είτε
798 1345 957 1420 καλλίους
980 1343 1073 1407 διαλ-
1087 1371 1114 1413 ιο

57 1445 163 1532 λαγδις
189 1457 255 1516 είτε
283 1450 506 1538 δικαιοτέρας,
535 1446 597 1516 οὐκ
628 1443 672 1516 ἂν
700 1446 851 1534 φθάνοις
882 1448 998 1534 φέρων
1025 1451 1075 1526 είς

58 1555 164 1639 μέσον
187 1556 243 1622 καὶ
265 1554 394 1642 πολλήν
418 1575 472 1624 σοι
495 1554 595 1643 χάριν
618 1563 758 1642 εἴσομαι.

10 1682 57 1735 427
148 1662 254 1730 VIIII.
290 1660 388 1732 Ταῦτ’
415 1661 570 1742 εἰπόντος
595 1665 657 1730 τοῦ
687 1666 898 1755 Φουφεττίου
925 1667 1073 1745 παραλα-

57 1766 130 1855 βίον
153 1765 213 1836 τὸν
236 1767 340 1854 λόγον
371 1765 388 1836 ὁ
411 1772 480 1837 τῶν
498 1766 672 1856 Ῥωμαίων
694 1766 852 1855 βασιλεὺς
874 1770 975 1849 ἔλεξε·
1003 1767 1074 1835 Καὶ

56 1872 168 1962 ἡμεῖς,
201 1866 228 1940 ὦ
258 1876 459 1961 Φουφέττιε,
490 1881 631 1963 βαρεῖαν
667 1871 948 1962 ὑπελαμβάνομεν
985 1872 1072 1961 ἡμᾶς
1086 1900 1112 1943 15

56 1980 311 2067 καταλήψεσθαι
339 1980 537 2069 συμφοράν,
565 1985 598 2049 εί
628 1979 673 2049 δι’
700 1986 838 2070 αἵματος
864 1982 920 2050 καὶ
953 1980 1073 2068 φόνων

57 2084 354 2174 ἀναγκασθείημεν
388 2100 502 2173 κρίναι
537 2085 598 2156 τὸν
636 2091 782 2175 συγγενῆ
801 2087 981 2184 πόλεμον,
1018 2088 1075 2156 καὶ

56 2192 124 2262 ύπδ
152 2197 220 2261 των
249 2197 350 2281 ἱεράν
377 2191 477 2263 ὁπότε
507 2193 548 2263 τδι
579 2196 788 2285 προπολέμια
818 2194 964 2282 θύοιμεν
995 2195 1074 2262 έκω·

56 2299 212 2387 λυόμεθα
230 2298 346 2387 ἀρχειν
365 2300 483 2388 μάχης·
506 2299 565 2381 τάς
587 2329 622 2370 τε
641 2300 854 2390 ἀπορρήτους
874 2304 1074 2387 Φιδηναίων

55 2407 113 2474 καλ
134 2404 349 2476 Οὐιεντανῶν
372 2413 601 2496 συνωμοσίας,
624 2404 665 2488 δὶς
687 2405 738 2476 ἐπ’
765 2405 969 2494 ἀμφοτέροις
991 2402 1073 2494 ἡμῖν
1087 2432 1114 2473 εο

56 2512 278 2602 συνώμοσαν,
316 2512 417 2607 ὀλίγῳ
454 2515 620 2603 πρότερον
653 2518 717 2583 σού
752 2512 951 2600 πεπύσμεθα
982 2512 1073 2601 παρά

55 2625 126 2690 τῶν
155 2622 286 2690 ἐκεῖθεν
319 2622 426 2701 ξένων
457 2624 512 2695 καὶ
546 2619 607 2690 οὐκ
638 2619 825 2707 ἀφύλακτοι
856 2618 940 2706 πρὸς
971 2616 1074 2699 αὐτάς

57 2730 175 2816 έσμεν,
207 2725 281 2796 ἀλλ’
312 2724 358 2807 ὡς
388 2737 513 2796 παθεῖν
544 2753 580 2796 τε
606 2717 718 2815 ’μηδὲν
751 2725 848 2796 αὐτοὶ
882 2724 987 2796 κακὸν
1017 2723 1074 2798 κά·

56 2839 191 2914 κείνους
230 2833 489 2921 τιμωρήσασθαι
528 2838 587 2922 τῆς
623 2836 805 2922 ἐπιβουλῆς
839 2832 939 2916 ἀξίως
973 2856 1073 2922 παρε-

56 2943 289 3028 σκευάσμεθα,
323 2939 384 3028 οὐχ
416 2932 518 3028 ἧττόν
554 2968 589 3009 τε
626 2945 689 3009 σοῦ
725 2940 980 3010 καταλύσασθαι
1011 2939 1072 3009 τὸν
1086 2962 1113 3005 ιε

56 3047 206 3133 πόλεμον
233 3044 377 3134 ἀμαχητὶ
405 3050 532 3135 μάλλον
559 3043 580 3134 ἢ
610 3044 667 3115 διά
694 3051 763 3115 τῶν
792 3045 906 3116 όπλων
934 3045 1073 3134 ἐβουλό-

56 3162 155 3241 μεθα.
213 3153 371 3242 πρότεροι
409 3153 447 3222 δὲ
482 3154 728 3242 πρεσβεύεσθαι
768 3153 845 3243 περὶ
882 3152 1109 3238 διαλλαγῶν2

130 3376 146 3424 6
165 3369 266 3424 τούτου
285 3382 339 3425 om.
354 3368 400 3424 Ba
468 3374 483 3423 7
503 3373 565 3432 ταῖς
583 3368 636 3423 del.
652 3366 790 3422 Biicheler
860 3372 894 3421 14
912 3361 927 3419 δ
947 3363 1075 3435 ὁωμύλος

59 3491 200 3564 τῶνρ.Β
275 3499 307 3549 19
328 3471 530 3564 (όόδηναίωνΒ
602 3499 637 3548 20
656 3485 763 3554 διςοω.
782 3488 857 3545 Ba·
