2454 3916
457 242 619 295 -Β-
978 242 1043 307 163

34 405 198 487 Ρωμαίων
232 397 406 469 άπῶλοντο
439 399 669 489 πανώλεθροι,
701 403 820 470 πολλοὶ
849 400 881 470 δ’
912 403 949 470 ἐν
980 410 1043 470 θα-

34 506 136 596 λάττη
159 506 274 575 στόλοι
302 506 539 595 διεφθάρησαν
570 506 769 594 αὔτανδροι,
798 506 896 577 ἄλλαι
924 535 960 576 τε
989 536 1043 597 με·

34 613 128 682 τάλαι
154 614 210 682 καὶ
239 614 347 683 δειναὶ
373 616 575 701 περιπέτειαι
603 619 643 704 τῇ
670 614 765 684 πόλει
796 617 982 685 συνέπεσον
1008 619 1047 685 αί

34 721 91 790 ιέν
113 723 151 789 ἐν
175 719 327 802 ὀθνείοις
348 724 520 808 πολέμοις,
544 726 582 789 αί
607 721 645 790 δδ
671 721 754 790 κατδι
777 719 836 802 τάς
859 725 1044 810 ἐμφυλίους

34 833 253 916 διχοστασίας,
268 827 498 917 ἐμφανεστάτη
518 828 556 898 δὲ
574 830 630 896 καὶ
648 835 785 916 μεγίστη
803 829 859 897 καὶ
877 827 960 897 κατὰ
979 827 1043 916 τὴν
1069 849 1083 891 ε

34 933 111 1024 ’μὴν
140 934 289 1023 ἡλικίαν,
318 933 371 1004 ὅτε
400 941 576 1016 Λικίννιος
604 940 765 1025 Κρᾶσσος
791 934 877 1024 ἀνὴρ
901 933 1043 1016 οὐδενὸς

34 1040 190 1129 δεύτερος
212 1046 281 1111 τῶν
308 1041 387 1110 καθ’
414 1040 536 1111 ἑαυτὸν
564 1040 741 1129 ἡγεμόνων
770 1041 929 1132 στρατιάν
960 1035 1042 1130 ἦγεν

34 1149 79 1218 ’πὶ
103 1149 143 1217 τὸ
166 1148 322 1237 Πάρθων
346 1155 463 1234 ἐθνος,
487 1152 749 1237 ἐναντιουμένου
775 1154 838 1219 τοῦ
862 1153 1043 1239 δαιμονίου
1151 1160 1167 1242 '¹

34 1253 136 1324 ιολλδι
162 1261 291 1343 χαίρειν
319 1255 451 1343 φράσας
473 1269 544 1336 τοῖς
571 1254 798 1343 ἀποτρέπουσι
828 1255 891 1343 τὴν
924 1256 1067 1338 ἔξοδον

34 1367 165 1440 ιίωνοίς
188 1367 321 1448 μυρίοις
339 1359 431 1442 ὅσοις
453 1364 657 1449 γενομένοις.
698 1360 771 1430 ἀλλ’
793 1359 878 1448 ὑπὲρ
901 1361 963 1449 μὲν
983 1367 1043 1450 τῆς
1057 1381 1083 1422 10

36 1474 72 1550 ίς
96 1464 138 1536 τὸ
162 1465 341 1554 δαιμόνιον
365 1466 558 1558 ὀλιγωρίας,
581 1460 603 1558 ᾗ
626 1473 775 1557 χρῶνταί
798 1494 887 1548 τινες
914 1471 1044 1550 ἐντοῖς

34 1573 106 1645 ιαθ’
132 1571 220 1662 ἡμᾶς
241 1573 388 1662 χρόνοις,
411 1577 498 1644 πολὺ
521 1581 622 1664 ἔργον
644 1571 687 1643 δν
710 1584 761 1663 είη
785 1576 904 1661 λέγειν.

55 1687 88 1739 >
117 1683 192 1750 VII.
209 1677 246 1746 Ὁ
269 1680 306 1749 δὲ
323 1679 492 1769 Ῥωμύλος
510 1680 725 1769 ἀποδειχθεὶς
741 1676 864 1751 τοῦτον
885 1679 948 1751 τὸν
969 1682 1044 1769 τρό-

34 1815 92 1860 ων
115 1787 183 1858 ὑπό
205 1816 241 1858 τε
263 1785 459 1878 ἀνθρώπων
481 1789 538 1857 καὶ
561 1792 654 1858 θεῶν
681 1787 840 1875 βασιλεὺς
866 1788 906 1858 τά
928 1815 964 1858 τε
986 1814 1044 1858 πο-

34 1898 124 1985 ,έμια
152 1894 264 1976 δεινὸς
288 1897 344 1964 καὶ
374 1899 617 1983 φιλοκίνδυνος
643 1893 854 1983 ὡμολόγηται
881 1898 1042 1982 γενέσθαι
1056 1914 1082 1956 1⁶

35 2005 80 2073 αὶ
108 2008 280 2072 πολιτείαν
313 2002 539 2090 ἐξηγήσασθαι
571 2001 634 2090 τὴν
663 2009 843 2091 κρατίστην
871 2003 1042 2093 φρονιμοό·

34 2135 133 2190 ατος.
170 2111 308 2198 διέξειμι
332 2109 363 2177 δ’
390 2108 494 2178 αὐτοῦ
513 2108 572 2190 τὰς
590 2109 725 2198 πράξεις
742 2109 801 2190 τάς
818 2137 853 2179 τε
870 2119 1042 2192 πολιτικας

35 2217 79 2286 αδ
90 2215 193 2303 <τδις>
203 2215 286 2285 κατὰ
295 2219 472 2304 πολέμους,
483 2208 596 2286 ῶνκαὶ
611 2216 715 2303 λόγου
729 2215 772 2285 άν
782 2240 833 2297 τις
843 2219 879 2285 ἐν
895 2221 1042 2308 ἱστορίας

34 2322 195 2413 εφηγήσει
215 2325 399 2412 ποιήσαιτο.
428 2327 492 2413 ἐρῶ
516 2323 553 2393 δέ
574 2327 708 2411 πρῶτον
728 2320 813 2412 ὑπὲρ
832 2327 893 2391 τοῦ
911 2323 1040 2411 κόσμου
1059 2323 1081 2388 2

34 2436 82 2519 ᾗς
102 2436 280 2516 πολιτείας,
300 2427 341 2499 δν
360 2429 424 2517 ἐγῶ
441 2430 578 2499 πάντων
603 2427 749 2518 ἡγοῦμαι
767 2432 947 2498 πολιτικῶν
966 2429 1040 2498 κόσ-
1056 2456 1084 2496 ω

34 2564 105 2608 των
120 2534 386 2623 αὐταρκέστατον
401 2539 438 2606 ἐν
453 2536 571 2626 είρήνη
585 2536 689 2604 τεκαὶ
703 2532 786 2603 κατδι
800 2536 975 2622 πολέμους.
997 2529 1042 2624 ἦν

34 2646 59 2715 λδ
85 2645 230 2723 τοιόςδε·
260 2646 355 2731 τριχῇ
378 2647 494 2731 νείμας
515 2641 577 2730 την
601 2640 738 2729 πληθδν
761 2639 895 2710 ἅπασαν
920 2642 1041 2733 ἑκάστη

34 2755 93 2822 ’ῶν
122 2753 251 2838 μοιρῶν
283 2747 345 2819 τὸν
377 2751 642 2837 ἐπιφανέστατον
674 2750 852 2835 ἐπέστησεν
885 2745 1042 2837 ἡγεμόνα.

34 2865 140 2927 ’πειτα
170 2860 238 2925 τῶν
269 2860 373 2944 τριῶν
403 2855 506 2926 πόλιν
544 2859 674 2943 μοιρῶν
710 2855 852 2943 ἑκάστην
883 2861 930 2938 είς
962 2860 1042 2929 δέκα

34 2969 147 3051 ιοίρας
175 2961 311 3050 διελῶν,
340 2972 434 3044 ίσους
461 2961 628 3051 ἡγεμόνας
655 2964 711 3031 καὶ
737 2962 866 3033 τούτων
890 2962 1041 3048 ἀπέδειξε
1055 2987 1082 3029 τε

98 3159 280 3229 2σνμφοραδ
304 3161 370 3228 post
396 3155 478 3214 άλλαι
500 3178 529 3214 τε
549 3159 575 3213 A
647 3165 663 3213 3
687 3157 865 3228 περιπέτειαι
889 3176 943 3214 om.
964 3160 1042 3217 ABa

34 3233 47 3282 k
64 3223 95 3285 ἐν
115 3247 168 3285 om.
184 3230 206 3284 B
222 3233 227 3300 Ι
244 3225 388 3301 ἐμφύλους
401 3233 427 3285 Α
481 3236 497 3286 5
517 3225 729 3301 ἕμφανέσταται
747 3229 779 3285 δδ
794 3230 844 3285 καλ
862 3231 992 3319 μέγισται
1007 3232 1040 3301 0,

34 3314 97 3356 εοπ.
112 3301 215 3356 Reiske
240 3305 245 3370 Ι
269 3301 318 3356 καλ
336 3304 401 3357 anto
424 3298 498 3357 κατὰ
517 3302 571 3357 del.
586 3302 742 3358 Ambrosch
816 3309 832 3357 6
851 3319 970 3370 κρασσος
988 3303 1041 3356 ΑΒ

34 3375 65 3424 [λ
82 3367 152 3426 πολὺ
171 3388 226 3427 om.
245 3374 268 3426 B
289 3373 293 3444 λ
314 3370 396 3442 ἔργον
414 3366 451 3427 διν
469 3374 492 3426 Β
514 3367 551 3428 άν
571 3371 654 3443 ἔργον
672 3374 697 3426 Β,
770 3377 803 3426 15
823 3367 1000 3441 ὡμολόγηται
1017 3372 1040 3427 Β

34 3433 204 3512 ιηιολογεῐται
223 3444 249 3498 R
337 3451 371 3499 1⁷
394 3439 484 3500 αότοῦ
508 3441 624 3514 πράξεις
646 3445 669 3497 Β
761 3448 793 3497 18
817 3439 868 3506 τάς
892 3443 955 3498 αδδ.
981 3443 1041 3512 Syl-

34 3508 101 3582 οπερ
119 3518 123 3583 Ι
143 3509 235 3583 λόγων
253 3514 279 3566 Α

825 3601 877 3657 ss*
