2454 3916
529 218 695 268 -Γ-
1054 218 1121 284 305

103 368 207 450 άλλας
221 367 271 438 ἐπ’
289 369 406 451 άλλαις
417 372 547 460 πληγάς
560 380 619 442 καί
628 398 698 454 πως
711 375 867 462 τυγχάνει
884 380 944 445 τού
954 374 1121 465 Ῥωμαίου

48 476 166 544 458ὃιά
190 482 367 563 βουβῶνος
385 480 521 567 ἐνέγκας
542 479 581 550 τὸ
606 482 710 569 ξίφος.
753 479 771 549 ὁ
796 480 834 549 δὲ
856 490 927 562 τοίς
948 509 983 551 τε
1006 481 1122 563 άλλοις

101 583 270 672 τραύμασι
285 589 527 674 κεκαρωμένος
553 585 633 674 ἤδη»
647 588 703 655 καὶ
730 586 793 674 τὴν
820 593 1014 657 τελευταίαν
1038 597 1120 677 πλη-

101 688 168 777 γὴν
204 692 451 780 θανατηφόρον
492 699 578 780 ἔχων
615 692 860 764 ὑπολυθέντων
896 698 966 764 τῶν
1008 700 1119 782 μελῶν

100 799 299 887 καταρρυεὶς
322 796 539 886 ἀποθνήσκει.
582 798 626 881 ὡς
650 801 688 869 δέ
709 798 801 870 τοῦτ’
824 800 918 870 είὸον
943 805 979 870 οί
998 780 1160 908 θεαταὶῦ5

100 910 160 993 τῆς
186 904 294 993 μάχης
319 903 388 993 ἅμα
419 905 540 986 πάντες
567 904 774 994 άνεβόησαν,
800 904 955 995 Ἀλβανοὶ
984 909 1045 996 μὲν
1075 907 1120 990 ὡς

100 1017 262 1092 νικῶντες
284 1010 361 1099 ἤδη,
379 1010 536 1100 Ῥωμαῖοι
559 1012 590 1081 δ’
612 1012 657 1094 ὡς
679 1014 911 1102 κρατούμενοι.
951 1013 1031 1094 τούς
1052 1014 1117 1104 γὰρ

101 1118 144 1207 δὴ
173 1121 356 1208 σφετέρους
388 1119 450 1188 δύο
480 1133 552 1201 τοῖς
577 1122 687 1210 τρισὶν
714 1119 888 1209 Ἀλβανοῖς
920 1120 1119 1211 εὐκατεργά-

100 1245 201 1306 στους
237 1224 477 1314 ὑπελάμβανον
513 1226 728 1315 γενήσεσθαι.
787 1229 824 1296 ἐν
859 1219 886 1320 ᾦ
923 1226 954 1295 δ’
990 1229 1118 1316 ἐγίνετο

99 1338 220 1419 ταῦτα,
249 1329 266 1401 ὁ
295 1339 510 1422 παρασπίζων
536 1338 582 1426 τῷ
609 1334 746 1403 πεσόντι
765 1331 926 1422 Ῥωμαίος
949 1332 1040 1421 ὁρῶν
1064 1337 1116 1403 ἐπὶ
1132 1357 1158 1396 1⁰

98 1444 146 1531 τῷ
169 1438 407 1528 κατορθώματι
433 1443 595 1528 περιχαρῆ
622 1439 684 1510 τόν
704 1438 867 1526 Ἀλβανὸν
896 1438 1035 1509 ὠθεῖται
1062 1469 1118 1510 τα-

99 1544 160 1633 χὺς
183 1543 232 1612 ἐπ’
260 1541 363 1613 αὐτὸν
391 1546 447 1613 καὶ
474 1543 581 1614 πολλὰ
604 1546 666 1633 μὲν
693 1544 866 1634 τραύματα
890 1546 986 1632 δούς,
1009 1545 1118 1616 πολλά

99 1650 139 1718 δὲ
166 1649 267 1731 αύτὸς
293 1649 406 1738 λαβὼν
434 1651 592 1739 τυγχάνει
615 1677 686 1733 πως
711 1650 794 1720 κατὰ
822 1656 881 1740 τῆς
904 1658 1035 1741 σφαγῆς
1058 1650 1117 1722 αύ-

97 1760 162 1826 τού
188 1756 299 1844 βάψας
325 1756 363 1826 τὸ
389 1758 485 1845 ξίφος
510 1759 566 1826 καὶ
591 1758 866 1845 διαχρησάμενος.
912 1754 1156 1846 μεταβαλούὸ

98 1883 162 1950 σης
185 1862 223 1930 δέ
244 1867 302 1950 τῆς
324 1861 426 1950 τύχης
449 1865 486 1932 ἐν
510 1861 614 1955 όλίγφ
636 1863 677 1933 τά
703 1891 739 1933 τε
764 1870 834 1934 τῶν
857 1864 1116 1953 ἀγωνιζομένων
1131 1887 1157 1928 15

99 1975 182 2058 ἔργα
202 1967 321 2038 καὶτὰ
345 1973 413 2037 τῶν
436 1971 622 2057 θεωμένων
644 1970 755 2058 πάθη,
782 1973 839 2040 καὶ
857 1969 1031 2060 Ῥωμαίων
1055 1973 1117 2060 μὲν

97 2075 414 2165 ἀναθαρρησάντων
443 2078 478 2144 ἐκ
508 2081 567 2163 τῆς
593 2076 759 2166 πρότερον
786 2084 980 2167 κατηφείας,
1001 2078 1117 2166 Ἀλβα-

97 2186 171 2253 νῶν
200 2182 237 2250 δὲ
270 2181 499 2271 άφηρημένων
527 2181 565 2252 τὸ
596 2198 731 2271 χαῖρον,
764 2184 859 2273 ἕτέρα
890 2184 993 2254 πάλιν
1024 2184 1116 2255 άντι-

96 2288 271 2358 πνεύσασα
293 2303 364 2369 τοῖς
385 2293 454 2358 τῶν
472 2288 648 2378 Ῥωμαίων
671 2289 912 2380 κατορθώμασι
933 2289 1016 2377 τύχη
1039 2291 1116 2359 τού-

96 2423 167 2466 των
190 2396 252 2483 μέν
276 2398 475 2465 ἐταπείνωσε
493 2395 552 2477 τὰς
570 2400 716 2483 ἐλπίδας,
738 2395 780 2466 τά
799 2397 838 2466 δὲ
857 2401 926 2465 τῶν
944 2403 1114 2484 πολεμίων
1128 2418 1155 2458 νο

97 2501 299 2591 φρονήματα
318 2505 449 2592 ἐπῆρεν.
490 2507 551 2572 τού
570 2502 634 2591 γάρ
651 2503 815 2590 Ἀλβανοῦ
834 2502 996 2583 πεσόντος
1014 2500 1032 2571 ὁ
1051 2503 1114 2591 τὴν

46 2614 246 2696 ιςοπλησίον
270 2607 375 2678 αὐτού
399 2616 484 2697 ἔχων
508 2609 627 2679 στάσιν
655 2607 802 2697 ἀδελφὸς
825 2608 1044 2697 συμπλέκεται
1067 2613 1114 2702 τῷ

95 2714 335 2803 καταβαλόντι,
367 2717 424 2784 καὶ
454 2716 682 2804 τυγχάνουσιν
719 2714 904 2805 ἀμφότεροι
940 2713 1023 2785 κατά
1053 2715 1114 2786 τὸν

59 2821 79 2852 ⁰
95 2818 201 2891 αὐτὸν
225 2822 352 2909 χρόνον
374 2822 502 2910 πληγάς
520 2825 687 2905 ἐξαισίους
710 2824 938 2909 ἐξενέγκαντες
959 2820 1031 2891 κατ’
1057 2820 1116 2892 άλ-

94 2928 225 3016 ληλωνς
249 2927 267 2996 ό
291 2929 353 3016 μὲν
373 2928 534 3016 Ἀλβανὸς
556 2933 617 2999 τοῦ
635 2925 801 3016 Ῥωμαίου
823 2927 907 2998 κατὰ
929 2933 991 3000 τοῦ
1015 2957 1111 3018 μετα·
1125 2949 1152 2990 25

94 3038 227 3125 φρένου
249 3036 305 3104 καὶ
328 3037 423 3124 μέχρι
446 3040 514 3104 τῶν
539 3036 739 3124 σπλάγχνων
767 3034 878 3123 βάψας
899 3035 937 3106 τὸ
962 3039 1068 3125 ξίφος,
1093 3036 1110 3106 ὁ

171 3274 184 3323 1
204 3263 302 3330 ἄλλαις
321 3262 369 3323 ἐπ’
389 3263 486 3330 άλλαις
503 3272 623 3337 πληγαῖς
642 3269 665 3324 0
684 3284 754 3323 eorr.
772 3267 911 3339 Meineke,
931 3266 1019 3324 Cobet
1037 3267 1108 3324 Nov.

94 3339 173 3395 Ιιουλ.
194 3357 221 3407 p.
241 3343 292 3394 258
358 3345 392 3393 16
410 3338 604 3409 θεομένυνΑ
643 3346 706 3395 -21
727 3335 856 3409 ἐπῆρεΒ
922 3345 957 3394 24
976 3334 1112 3408 ἐνέγκαν-

94 3431 141 3474 τες
155 3408 260 3465 Reiske
279 3407 484 3480 ἐπενέγκαντες
501 3428 524 3466 ο.
540 3410 690 3482 Κίεεελὶιις,
704 3409 792 3466 Cobet
806 3410 870 3467 obs.
884 3428 911 3480 p.
922 3416 957 3464 64
1011 3415 1045 3465 25
1059 3410 1110 3464 τού

95 3480 277 3553 μεταφρένου
295 3482 318 3535 Β
337 3483 393 3537 τῶν
413 3481 598 3553 μεταφρένιον
615 3483 642 3538 Β,

46 3592 47 3603 ’
149 3589 531 3634 D1oxxs.11u.1„1n.JAoom.
915 3573 949 3622 20
