2454 3916
507 236 671 291 ..Β-

78 396 126 484 μή
149 404 344 465 καταλιπεῖν
367 393 427 465 τὸν
449 394 676 483 παραστάτην,
699 386 801 490 ᾦκαλ
824 399 1021 467 συνέσπεισε
1039 397 1095 465 καὶ

83 504 253 571 συνέθυσε
275 503 331 570 καὶ
354 505 481 571 κοινῶν
504 505 606 591 ίερῶν
629 504 796 590 μετέσχεν.
839 503 896 571 καὶ
921 501 964 572 ού
986 503 1136 591 μόνον4

77 612 140 696 τής
152 610 230 697 περὶ
243 613 347 678 ταῦτα
362 614 485 695 σοφίας
502 609 601 698 χάριν
619 608 712 691 ἀξιος
731 611 943 680 έπαινείσθαι
963 607 980 678 ὁ
995 607 1095 698 ἀνήρ,

77 713 166 784 ἀλλά
188 716 244 784 καὶ
267 719 325 802 τῆς
348 711 513 794 εὐτελείας
533 718 603 783 τῶν
625 720 775 802 θυσιῶν,
801 710 854 796 αίς
876 718 1093 804 γεραίρεσθαι

77 821 161 902 τοὺς
186 820 290 902 θεοὺς
318 824 581 909 ἐνομοθέτησεν,
613 812 662 890 ῶν
690 825 728 890 αλ
754 830 904 892 πλεῖσται
938 826 1095 910 διέμενον
1123 851 1136 893 ι

84 929 145 1008 ἕως
166 932 227 1015 τής
247 928 327 996 καθ’
348 926 435 1016 ήμάς
457 925 597 1015 ήλικίας,
621 933 652 997 εί
669 926 715 1016 μή
733 930 790 998 καὶ
807 932 911 997 πάσαι
934 928 1016 997 κατὰ
1034 927 1095 998 τὸν

84 1032 225 1121 ἀρχαῖον
248 1035 500 1122 ἐπιτελούμεναι
522 1034 658 1123 τρόπον.
700 1033 765 1122 έγῶ
792 1040 878 1122 γοῦν
902 1034 1096 1123 ἐθεασάμην
1115 1037 1136 1103 5
1166 1060 1172 1070 ·

85 1143 121 1209 ἐν
145 1143 250 1228 ίεραϊς
273 1145 394 1221 οἰκίαις
418 1145 538 1209 δεῖπνα
559 1148 761 1230 προκείμενα
782 1152 879 1224 θεοῖς
902 1144 954 1235 ἐπὶ
978 1145 1101 1231 τραπέ-·

86 1255 152 1330 ζαις
184 1250 334 1330 ξυλίναις
365 1246 538 1336 ἀρχαϊκαῖς
575 1250 611 1316 ἐν
642 1247 765 1335 κάνησι
795 1250 852 1317 καὶ
887 1255 1098 1330 πινακίσκοις

84 1367 272 1442 κεραμεοῖς,
303 1352 456 1441 ἀλφίτων
488 1354 590 1442 μάζας
620 1356 678 1423 καὶ
704 1355 841 1424 πόπανα
867 1357 924 1423 καὶ
947 1355 1018 1437 ζέας
1039 1358 1096 1424 καὶ
1111 1383 1137 1423 ιο

85 1463 222 1548 καρπῶν
254 1443 359 1529 τινων
392 1459 542 1549 ἀπαρχὰς
572 1462 628 1529 καί
660 1460 746 1529 άλλα
774 1466 913 1530 τοιαῦτα
940 1459 1014 1530 λιτά
1041 1462 1097 1530 καὶ

86 1564 258 1635 εὐδάπανα
306 1568 364 1635 καλ
411 1566 519 1654 πάσης
566 1565 802 1657 ἀπειροκαλίας
845 1566 1097 1656 ἀπηλλαγμένα·

24 1675 145 1748 {emal
168 1672 318 1754 σπονδάς
336 1672 430 1743 είδον
450 1677 692 1763 ἐγκεκραμένας
715 1673 776 1743 ούκ
799 1676 837 1743 έν
858 1673 1020 1764 ἀργυροίς
1041 1676 1097 1744 καὶ

86 1793 221 1868 χρυσοῖς
248 1779 402 1867 άγγεσιν,
430 1778 504 1849 ἀλλ’
531 1783 569 1849 ἐν
598 1780 811 1869 ὀστρακίναις
839 1786 1012 1863 κυλίσκαις
1041 1784 1097 1851 καὶ

85 1885 237 1975 πρόχοις,
264 1888 319 1954 καὶ
346 1887 437 1955 πάνυ
459 1885 618 1974 ἠγάσθην
645 1891 713 1956 τῶν
741 1886 879 1978 ἀνδρῶν
908 1887 960 1957 ὅτι
984 1891 1097 1977 ιλιαμέ-Ι
1112 1914 1137 1954 15

85 2011 206 2061 νουσιν
234 1995 272 2060 έν
299 2005 370 2072 τοῖς
396 1998 549 2080 πατρίοις
579 1998 696 2062 ἔθεσιν
720 1991 822 2062 οὐδὲν
846 1993 1098 2076 ἐξαλλάττοντες

84 2102 151 2167 τῶν
170 2097 319 2186 ἀρχαίων
339 2100 439 2185 ίερῶν
459 2104 507 2178 είς
524 2098 586 2186 τήν
605 2098 751 2181 ἀλαζόνα
769 2103 995 2170 πολυτέλειαν.
1028 2106 1097 2170 ἐστι
1117 2102 1137 2166 6

85 2205 146 2292 μὲν
178 2197 241 2274 οὖν
269 2203 290 2274 ἀ
322 2207 378 2274 καὶ
406 2204 525 2293 Νόμας
552 2211 742 2293 Πομπίλιος
770 2203 788 2274 ὁ
821 2204 903 2294 μετά
924 2204 1097 2294 Ῥωμύλον

85 2309 187 2401 ἀρξας
203 2316 263 2398 τής
281 2311 410 2392 πόλεως
426 2311 648 2399 κατεστήσατο
664 2310 796 2399 μνήμης
814 2310 891 2394 ἀξια
907 2314 964 2380 καὶ
982 2313 1098 2399 λόγου,

84 2416 236 2507 περιττός
258 2416 320 2506 τήν
343 2417 483 2506 γνῶμην
506 2414 592 2507 ἀνήρ
619 2419 677 2487 καὶ
705 2416 745 2488 τά
768 2427 848 2486 θεία
871 2418 1097 2507 ἐξηγήσασθαι
1112 2448 1138 2487 εο

85 2524 192 2613 σοφὸς
214 2527 252 2593 ἐν
276 2523 413 2611 ὀλίγοις,
435 2522 519 2613 ὑπὲρ
543 2517 592 2593 ῶν
614 2522 758 2612 ὕστερον
775 2527 865 2612 ’έρῶ,
888 2527 944 2594 καὶ
971 2525 1099 2606 Τύλλος

75 2629 241 2711 Ὁστίλιος
264 2628 282 2700 ὁ
305 2637 416 2719 τρίτος
439 2630 503 2702 ἀπὸ
523 2630 697 2720 Ῥωμύλου
714 2630 915 2719 βασιλεύσας
936 2633 993 2701 καὶ
1015 2631 1098 2702 πάν-

84 2764 137 2820 τες
170 2740 206 2807 οί
234 2737 304 2826 μετ’
334 2741 465 2808 ἐκείνου
497 2737 676 2825 γενόμενοι
707 2743 868 2825 βασιλεῖς·
901 2737 974 2808 ἀλλ’
1006 2737 1024 2808 ὁ
1057 2738 1098 2808 τὰ

85 2848 255 2934 σπέρματα
286 2847 343 2915 καί
374 2845 434 2927 τὰς
464 2844 568 2935 ἀρχάς
604 2844 717 2927 αὐτοῖς
752 2842 933 2935 παρασχῶν
969 2847 1026 2914 καὶ
1057 2844 1098 2916 τά

84 2950 273 3040 κυριώτατα
294 2952 587 3041 καταστησάμενος
603 2957 672 3023 τῶν
689 2955 766 3040 περὶ
783 2951 825 3023 τά
842 2961 922 3022 θεία
941 2959 1097 3041 νομίμων
1112 2980 1138 3021 ιι

76 3056 248 3148 Ῥωμύλος
269 3051 322 3146 ήν.

157 3261 171 3309 1
193 3249 393 3325 ἐγκαταλιπεῖν
408 3271 430 3311 ο.
446 3255 535 3312 Οολιολ
549 3254 614 3311 obs.
629 3275 657 3328 p.
671 3261 706 3310 λδ
779 3260 795 3310 λ
810 3253 859 3310 καὶ
872 3256 939 3310 ante
953 3248 988 3308 ού
1003 3270 1058 3309 om.
1075 3253 1098 3306 A

83 3329 102 3380 8
121 3321 169 3380 ἐπὶ
187 3325 339 3395 τραπέζαις
352 3327 381 3438 Bz
395 3321 427 3381 ἐν
446 3326 597 3397 τραπέζαις
610 3329 636 3382 R
696 3332 730 3382 10
748 3324 897 3396 κεραμέοις
915 3324 941 3380 Α
995 3328 1030 3377 14
1048 3342 1097 3377 κυ-

84 3433 271 3496 λικίοκαιςΑ
306 3433 488 3495 κνλισκαιςΒ
507 3449 544 3488 an
562 3429 739 3503 ὀστρακίνοις
756 3433 945 3492 κυλικίοκοιςθ
1001 3433 1033 3483 17
1047 3447 1098 3483 πο-

82 3504 233 3588 λιτείανΒ
306 3511 340 3561 18
358 3504 449 3575 νομάς
465 3504 491 3558 Δ
562 3509 598 3560 λδ
616 3504 743 3574 νομίμων
761 3501 858 3558 οιπΒ
