2454 3916
14 212 58 268 IV
159 214 161 218 ’
411 212 629 269 PRAEFATIO.

16 375 91 441 dem
116 375 246 440 saeculo
270 379 457 440 revocatum
481 398 551 441 esse
570 377 661 441 illum
682 379 872 461 scriptorem
892 381 1032 462 antiqui-

15 484 124 547 tatum
147 502 354 546 romanarum
378 483 450 566 quis
475 487 525 546 est
548 484 626 568 quin
650 483 752 548 sciat?

86 587 252 665 Q'uantum
277 610 315 652 ex
339 610 424 654 anno
453 590 552 669 1838,
576 612 639 675 quo
664 590 773 654 emisit
794 591 829 654 in
852 591 955 655 lucem
979 591 1031 657 Fr.

15 693 217 759 Ritschelius
251 695 557 761 commentationem
589 696 695 780 illam,
730 718 811 780 quae
843 697 1031 761 inscribitur

16 799 183 885 ‘Dionysii
197 800 495 866 Halicarnassensis
510 801 716 867 Prooemium
733 804 964 887 antiquitatum
983 825 1032 867 ro·

17 928 187 972 manarum
211 928 228 970 e
252 906 415 972 codicibus
443 929 528 985 mss,
562 906 600 972 de
624 929 760 990 quorum
783 909 891 972 indole
916 913 947 973 et
972 932 1033 974 usu

17 1013 210 1097 disputatur,
230 1011 451 1077 emendatum'
467 1013 527 1077 viri
542 1013 721 1078 doctissimi
736 1013 770 1076 in
786 1017 954 1097 contextu,
977 1016 1031 1098 qui

18 1122 149 1183 estnon
164 1140 238 1183 raro
254 1119 348 1182 valde
364 1122 544 1204 corruptus,
559 1119 758 1184 emendando
778 1119 844 1183 sint
858 1120 1032 1203 consecuti,

16 1225 173 1289 hocloco
196 1245 429 1308 recognoscere
453 1225 658 1309 supersedeo,
686 1227 876 1308 praesertim
901 1249 973 1291 cum
997 1228 1031 1290 in

16 1329 181 1416 Philologi
202 1334 293 1397 tomo
312 1349 423 1396 xxxvl
445 1354 476 1416 p.
497 1331 559 1396 129
571 1353 646 1415 seq,
669 1353 699 1414 p.
719 1331 783 1395 529
796 1353 860 1416 seq.
884 1337 917 1397 et
941 1337 1030 1397 tomo

19 1436 144 1502 xxxvn
166 1461 197 1522 p.
217 1437 282 1502 325
293 1459 359 1522 seq.
388 1459 500 1502 omnes
528 1438 629 1502 libros
658 1437 850 1521 libellosque
879 1460 917 1502 111
948 1436 1032 1502 anno

22 1543 108 1607 1774
137 1565 238 1626 usque
267 1543 307 1607 ad
337 1565 458 1607 annum
485 1544 569 1608 1876
594 1543 854 1608 examinaverim.
899 1543 951 1608 Ex
974 1545 1031 1609 illo

17 1652 126 1713 autem
149 1652 296 1732 tempore
319 1671 422 1733 usque
445 1649 594 1714 adhunc
617 1651 702 1715 diem
725 1653 853 1734 praeter
869 1648 956 1714 11.
972 1648 1031 1714 Oo-

17 1754 139 1838 betum,
157 1754 247 1819 cuius
267 1753 521 1821 Observationes
541 1757 670 1822 criticas
689 1761 722 1820 et
741 1756 1032 1840 palaeographicae

17 1861 58 1925 ad
77 1859 217 1945 Dionysi
240 1859 523 1946 Halicarnasensis
547 1862 760 1946 antiquitates
784 1884 935 1927 romanas
959 1884 1032 1945 pro·

17 1971 198 2052 grammate
221 1989 294 2031 meo
319 1967 500 2032 Gedauensi
524 1988 551 2032 a.
575 1968 660 2032 1877
685 1967 839 2044 recensui,
861 1981 927 2031 non
950 1967 1032 2030 mul·

16 2077 88 2137 tum
124 2073 187 2137 viri
222 2073 310 2139 docti
348 2073 388 2138 ad
424 2074 527 2138 libros
564 2072 782 2137 emendandos
814 2072 1029 2137 contulerunt.

17 2178 106 2242 Inter
129 2200 242 2244 omnes
265 2179 395 2263 quidem
419 2179 470 2243 vel
493 2178 631 2243 maxime
650 2177 686 2242 G.
701 2176 905 2242 Meutznerus
925 2200 944 2242 a
963 2200 1033 2242 cor-

17 2285 218 2370 ruptelarum
249 2284 399 2350 sordibus
430 2285 516 2350 hunc
549 2285 739 2368 scriptorem
772 2285 927 2369 purgavit
968 2284 1032 2346 dis·

17 2391 245 2476 putationibus
279 2391 415 2476 duabus,
450 2413 531 2476 quae
563 2392 598 2456 in
630 2390 828 2456 Fleckeiseni
862 2389 1033 2454 annalibus

19 2497 198 2584 philologis
226 2501 305 2563 tom.
332 2498 395 2562 115
421 2519 452 2581 p.
472 2498 536 2562 809
552 2520 617 2582 seq.
642 2520 670 2562 a.
696 2496 781 2561 1877
810 2495 1032 2559 1111111125

17 2626 50 2688 p.
69 2604 133 2669 249
145 2625 211 2688 seq.
243 2627 271 2669 a.
297 2605 384 2670 1882
416 2603 569 2689 vulgatae
603 2603 642 2667 ad
674 2602 794 2666 librum
826 2601 968 2685 primum
1001 2603 1033 2662 et

20 2713 146 2775 sextum
170 2710 348 2794 pertinent,
372 2731 570 2793 quamquam
592 2731 632 2773 ne
656 2709 712 2773 ille
736 2707 863 2791 quidem
886 2708 938 2771 vir
960 2707 1032 2770 doc-

16 2821 78 2898 tus,
102 2819 138 2880 ut
159 2814 255 2880 hodie
280 2837 377 2899 saepe
400 2815 447 2894 fit,
470 2836 581 2880 curam
605 2815 674 2900 agit
696 2815 890 2879 litterarum.
921 2814 1030 2897 Atque

18 2922 105 2987 idem
128 2923 253 3013 primus
276 2926 449 3007 postquam
463 2921 662 2986 Bitschelius
686 2921 725 2985 de
748 2919 857 2984 codice
872 2919 1033 2985 Urbinate

12 3028 161 3113 Dionysi
190 3027 472 3094 Halicarnassusis
500 3028 731 3111 disputatione,
760 3047 842 3109 quae
872 3027 957 3090 edita
984 3031 1034 3089 cst

20 3135 155 3201 Bonnae
180 3157 265 3201 anno
291 3135 386 3217 1847,
409 3134 633 3218 perlustravit,
658 3154 722 3218 qua
745 3131 871 3197 ratione
893 3131 979 3193 inter
999 3150 1032 3192 se

19 3242 145 3307 codices
168 3241 442 3326 praestantissimi
466 3238 639 3305 Ohisianus
658 3237 718 3324 (A)
743 3243 777 3302 et
799 3235 939 3300 Urbinas
963 3236 1031 3299 sive

19 3347 201 3413 Vaticanus
220 3343 283 3433 (B)
307 3349 417 3412 essent
441 3345 611 3428 coniuncti,
635 3345 740 3410 denuo
764 3342 846 3406 hanc
871 3341 1030 3425 quaestio-

19 3475 96 3519 nem
119 3473 273 3538 magnam
296 3453 413 3537 movit,
440 3475 505 3518 non
534 3451 682 3518 absolvit.
729 3447 905 3514 Consentio
933 3447 1034 3531 igitur
