2454 3916
536 201 704 252 ..A-
1105 201 1126 264 5

110 362 280 426 τοσούτου
310 355 393 426 ὅσον
421 359 544 426 ἐκεῖναι
576 357 753 444 λαβούσας.
800 356 976 447 Ἀθηναῖοι
1003 361 1064 448 μέν
1092 363 1165 446 μεθ

111 461 214 551 αύτης
239 463 350 551 μόνον
373 456 478 551 ἦρξαν
501 468 559 551 τῆς
581 471 748 551 παραλίου
772 469 868 534 δυεῖν
892 469 1012 536 δέοντα
1035 467 1130 553 ἑβδο-

76 589 92 638 9
111 570 264 659 μήκουτα
288 576 344 657 έτη
368 572 422 638 καὶ
448 569 528 639 οὐδὲ
547 570 670 658 ταύτης
688 567 828 657 ἁπάσης,
850 569 935 645 άλλδι
959 577 1014 660 τῆς
1037 572 1131 653 ἐντὸς

110 673 281 760 Εὐξείνου
313 703 348 745 τε
380 677 508 745 πόντου
539 677 595 744 καὶ
622 689 683 746 τοῦ
714 684 922 765 Παμφυλίου
954 679 1130 765 πελάγους,

111 780 166 852 ὅτε
190 783 335 871 μάλιστα
357 783 683 873 ἐθαλασσοκράτουν.
724 784 989 872 Λακεδαιμόνιοι
1009 785 1046 852 δὲ
1064 792 1156 854 Ile-5

110 889 330 976 λοποννησου
357 892 413 958 καί
442 894 502 977 τῆς
529 889 632 977 άλλης
661 895 860 975 κρατοῦντες
879 889 1041 972 Ἑλλάδος
1070 893 1132 971 ἕως

110 1001 332 1076 Μακεδονίας
358 995 419 1084 την
443 993 551 1085 άρχηυ
574 995 826 1086 προύβίβασαν,
850 997 1071 1083 ἐπαύσθησαν
1095 997 1132 1065 δὲ

111 1099 178 1171 ὑπὸ
195 1108 356 1189 Θηβαίων
375 1101 456 1171 ούδδ
475 1100 537 1171 όλα
556 1103 736 1190 τριάκοντα
755 1109 810 1190 ἔτη
829 1103 892 1191 τὴν
912 1101 1018 1190 άρχὴυ
1037 1129 1133 1171 κατα·

61 1228 93 1278 10
112 1208 262 1296 σχόντες.
316 1209 337 1296 ἡ
371 1207 408 1278 δὲ
436 1207 610 1297 Ῥωμαίων
647 1209 744 1290 πόλις
780 1208 910 1297 ἁπάσης
942 1210 1003 1297 μὲν
1038 1208 1171 1297 άρχει3

110 1319 174 1402 γῆς
194 1313 257 1402 ὅση
277 1313 322 1402 μὴ
341 1314 526 1402 άνέμβατός
544 1318 647 1402 ἐστιν,
666 1313 740 1384 άλλ’
762 1313 820 1384 ὑπ’
841 1314 1037 1406 ἀνθρώπων
1055 1343 1131 1382 κατ·
1145 1345 1171 1384 10

113 1436 270 1508 οικεῑται,
302 1421 410 1508 πάσης
439 1422 476 1491 δὲ
503 1436 620 1511 κρατεῖ
644 1422 834 1509 θαλάσσης,
868 1419 909 1489 ού
938 1420 1047 1508 μόνον
1074 1425 1133 1506 τῆς

112 1527 210 1610 ἐντὸς
228 1526 433 1615 Ἡρακλείων
457 1533 602 1616 στηλῶν,
631 1526 716 1597 άλλά
746 1530 802 1596 καὶ
828 1532 888 1614 τῆς
908 1526 1134 1607 Ὠκεανίτιδος

60 1655 92 1704 11
113 1633 178 1722 ὅση
201 1644 359 1704 πλεῖσθαι
383 1634 427 1722 μὴ
452 1631 619 1715 ἀδύνατός
642 1636 723 1721 ἐστι,
742 1633 854 1724 κράτη
874 1635 929 1702 καλ
953 1632 1040 1720 μόνη
1064 1638 1133 1701 τῶν

113 1743 152 1810 ἐκ
174 1747 237 1811 τού
258 1740 383 1821 παντὸς
406 1745 529 1821 αίῶνος
552 1744 859 1829 μνημονευομένων
887 1738 1055 1820 άνατολδις
1077 1739 1133 1806 καὶ

113 1847 278 1928 δύσεις”
259 1875 361 1935 ορους
388 1850 595 1936 ποιησαμένη
624 1875 681 1934 της
710 1851 919 1927 δυναστείας·
952 1845 1074 1934 χρόνος
1097 1872 1132 1914 τε
1146 1875 1172 1914 15

114 1953 200 2046 αύτη
226 1959 286 2023 τοῦ
309 1957 451 2041 κράτους
475 1954 516 2024 ού
536 1954 675 2083 βραχύς,
699 1951 772 2023 ἀλλ’
799 1953 878 2034 ὅσος
902 1950 1043 2043 ούδεμιᾷ
1065 1956 1132 2020 τάν

115 2061 232 2130 άλλων
256 2060 334 2130 ούτε
356 2061 487 2130 πόλεων
511 2059 588 2129 ούτε
616 2065 806 2147 βασιλειῶν.
846 2057 956 2139 εύθύς
984 2058 1046 2145 μὶν
1069 2045 1174 2144 νάρ4

115 2166 192 2251 ἐξ’
173 2195 278 2255 αρχης
300 2167 381 2256 μετά
408 2168 470 2238 τὸν
498 2167 653 2255 οίκισμὸυ
679 2166 719 2235 τά
744 2173 889 2254 πλησίον
917 2172 1002 2251 ἔθνη
1026 2166 1132 2234 πολλὰ

114 2275 172 2344 καὶ
196 2274 322 2362 μάχιμα
352 2273 434 2344 όυτα
461 2275 647 2362 προσήγετο
676 2275 731 2342 καὶ
759 2272 967 2361 προύβαινεν
989 2273 1045 2341 άεὶ
1067 2274 1134 2338 πᾶν

116 2383 329 2468 δουλουμένη
352 2380 390 2450 τὸ
414 2379 607 2449 άντίπαλον·
639 2385 743 2448 ταῦτα
767 2380 804 2447 δὲ
827 2379 923 2446 πέντε
946 2379 1002 2445 καὶ
1025 2401 1134 2445 τεττα·
1148 2388 1175 2427 20

117 2488 265 2574 ράκοντα
287 2487 353 2575 ἤδη
376 2487 458 2573 πρὸς
485 2493 581 2573 [τοῖς]
607 2488 815 2565 ἑπτακοσίοις
842 2489 950 2552 ἔτεσίν
974 2484 1064 2551 ε’στιν
1087 2486 1135 2562 είς

117 2593 267 2674 ύπάτους
289 2594 463 2663 Κλαύδιον
481 2596 627 2690 Νέρωνα
649 2595 689 2662 τὸ
714 2590 874 2678 δεύτερον
898 2587 1133 2674 [ὑπατεύοντα]

118 2705 173 2769 καὶ
204 2706 364 2769 Πείσωνα
391 2700 648 2786 Καλπούρνιον,
678 2704 713 2767 οἳ
736 2696 819 2766 κατὰ
848 2695 910 2784 την
937 2701 1052 2783 τρίτην
1082 2695 1135 2764 ἐπὶ

119 2821 192 2888 ταῖς
214 2810 417 2894 ἐνενήκοντα
440 2808 496 2875 καὶ
515 2804 635 2875 ἑκατὸν
654 2803 858 2892 ὀλυμπιάσιν
877 2802 1135 2889 ἀπεδείχθησαν.

190 2973 207 3022 2
232 2962 304 3021 αύτό
322 2962 451 3037 μόνονο.
476 2965 565 3020 Cobet
597 2964 661 3020 Obs
739 2970 773 3020 20
857 2964 916 3017 7*
923 2958 1135 3030 ἔπαύθηοανΟ

121 3044 136 3094 8
155 3034 224 3095 ουδε
249 2986 496 3107 Schweighaeuser
513 3038 550 3090 ad
568 3037 637 3124 ΡοΙχ
638 3038 664 3091 1).
679 2983 719 3089 ί)
728 3054 755 3105 p
772 3041 836 3102 122,
860 3034 993 3089 Schaefer
1016 3033 1052 3086 ad
1071 3032 1136 3086 Dio·

121 3128 178 3181 ny&
198 3110 234 3164 de
255 3125 344 3178 comp.
368 3110 444 3162 verb.
463 3125 491 3176 p.
511 3114 571 3176 297,
592 3055 656 3161 ούτε
677 3104 786 3194 ΟΙέτη
805 3103 1013 3191 τετταράκοντα
1032 3103 1135 3157 Casan-

121 3183 208 3238 bonus
234 3181 271 3235 ad
300 3179 398 3248 Polyb
423 3179 444 3245 Ι,
468 3184 484 3231 2
576 3185 609 3232 10
632 3174 689 3232 ὑπὸ
717 3177 743 3230 Α
839 3182 871 3230 12
895 3171 1050 3236 ύιιεανίδος
1079 3170 1136 3226 ἐστὶ

122 3252 215 3338 κράτη
244 3246 297 3319 ὅση
317 3254 451 3304 πλειοθαι
458 3247 511 3336 μὴ
535 3243 701 3311 ἀδύνατος.
722 3247 771 3302 καὶ
793 3247 908 3316 μόνηΒ
947 3241 1137 3304 Ὠκεανίτιδος

122 3319 170 3394 όοη
194 3323 255 3378 ἐστὶ
279 3317 383 3389 πλωτὴ,
405 3316 501 3388 κράτη
523 3319 573 3373 καὶ
594 3317 831 3390 μόνηο.11εἱοὶτθ
923 3323 956 3370 1⁷
975 3315 1027 3402 μέν
1041 3330 1095 3369 om.
1113 3312 1136 3365 B

123 3346 170 3455 19η
171 3391 368 3474 προοηηάχειο
382 3393 407 3444 Α
488 3395 521 3445 21
541 3397 600 3452 τοις
619 3408 673 3445 om.
690 3391 738 3445 AB
820 3395 853 3442 22
873 3383 1053 3442 ύπατενοντα
1072 3401 1137 3439 oum

124 3466 207 3522 Suida
226 3462 335 3520 delevit
354 3462 475 3517 Reudler
493 3461 583 3517 Τίτου,
603 3462 663 3515 crit.
683 3479 711 3530 p.
726 3468 751 3516 3.
816 3467 850 3514 23
869 3455 1016 3512 πίσωναΟ
