2454 3916
534 217 700 267 ..Γ-

112 377 239 452 έθνους
260 369 447 441 ἀντιπάλου
469 368 645 459 Ῥωμαίοις
671 368 755 459 ὑπὲρ
785 376 844 457 τῆς
869 370 973 459 ἀρχῆς
995 371 1126 460 ἀνδρας

110 506 147 549 τε
170 477 318 566 μαχητάς
341 483 477 566 έχοντος
499 479 554 546 καί
572 477 686 565 χάραν
705 481 895 566 νεμομένου
917 478 1046 567 πολλὴν
1068 481 1125 548 καὶ

110 584 246 673 ἀγαθὴν
274 584 331 653 καὶ
357 588 417 673 τῆς
438 582 566 672 Ῥωμης
594 583 636 652 οὐ
661 584 777 673 πρόσω
799 588 973 674 κειμένην,
995 584 1125 674 πολλὴν

112 698 209 780 ἔσχεν
242 690 260 759 ὁ
293 690 479 779 Ταρκύνιος
510 696 707 779 προθυμίαν
739 692 795 760 καὶ
825 691 967 773 τούτους
998 689 1125 779 ἀπανα-

112 801 235 886 χέσθαι
269 797 325 866 καλ
355 811 514 885 προεῖπεν
551 795 666 877 αὐτοῖς
701 795 762 867 τὸν
793 797 941 886 πόλεμον
973 800 1151 884 έγκαλοδντ

112 918 185 986 ταῖς
206 905 361 990 πόλεσιν,
390 903 441 974 ότι
468 902 547 984 τοὺς
574 902 827 991 ὑποσχομένους
852 911 1042 993 Τυρρηνοῖς
1064 904 1123 974 ἐάν

110 1009 300 1098 ἀφίκωνται
336 1009 479 1101 στρατὸν
516 1010 655 1099 ἀχοντες
689 1016 736 1092 εἰς
766 1009 829 1099 τῆν
864 1010 978 1100 χάραν
1010 1011 1124 1080 αὐτῶν

113 1120 254 1198 ἐκείνοις
276 1118 338 1206 μὲν
362 1124 472 1208 φίλας,
490 1115 665 1205 Ῥωμαίοις
689 1116 720 1186 δ’
741 1116 866 1206 ἐχθρὰς
887 1118 1042 1206 ποιήσειν
1065 1117 1125 1199 τάς

113 1226 275 1311 σφετέρας
305 1229 468 1314 πατρίδας
500 1222 560 1293 οὐκ
592 1222 774 1310 ἐβούλοντο
807 1227 974 1293 ἐκδοῦναι.
1025 1229 1060 1294 ολ
1086 1226 1164 1295 δδθ

111 1329 256 1417 ἀσμενοί
278 1357 313 1399 τε
340 1328 564 1417 ὑποδέχονται
594 1327 656 1398 τὸν
682 1327 831 1416 πόλεμον
864 1328 925 1398 οὐκ
953 1327 1125 1412 ἀξιοῦντες
1139 1364 1165 1403 ιο

112 1433 192 1514 τούς
210 1436 466 1516 δυνατωτάτους
483 1439 552 1505 των
575 1433 687 1504 ἀστῶν
705 1433 947 1524 ἀφαιρεθῆναι,
969 1437 1025 1504 καὶ
1042 1435 1125 1523 πρὶν

112 1537 298 1626 ἀφικέσθαι
315 1540 488 1629 Ῥωμαίων
507 1541 655 1629 δύναμιν
679 1542 732 1610 ἐπὶ
756 1545 843 1628 σφᾶς
861 1538 959 1610 αὐτοὶ
982 1539 1126 1630 στρατὸν

55 1664 110 1714 572
121 1645 298 1733 ἐξάγουσιν
322 1649 375 1716 ἐπὶ
401 1647 464 1735 τῆν
492 1650 639 1717 ἐκείνων.
689 1646 847 1735 βασιλεὺς
876 1647 914 1716 δὲ
941 1647 1127 1736 Ταρκύνιος

115 1751 160 1833 ὡς
182 1752 306 1840 ῆκουσε
329 1752 569 1841 διαβεβηκότας
586 1752 665 1834 τοὺς
682 1759 857 1841 Σαβίνους
875 1751 1009 1841 Ἀνίητα
1027 1779 1127 1822 ποτα-

113 1858 179 1947 μὸν
202 1861 258 1928 καὶ
280 1849 529 1948 λεηλατούμενα
550 1858 607 1929 ὑπ’
629 1858 741 1929 αὐτῶν
764 1858 804 1929 τά
820 1861 897 1949 περὶ
919 1859 982 1948 τῆν
1000 1885 1124 1949 παρεμ-
1138 1891 1165 1932 ιε
1191 1870 1194 1874 ⁴

116 1965 223 2053 βολῆν
246 1965 388 2053 ἅπαντα,
411 1964 591 2054 ἀναλαβὼν
613 1964 676 2054 τῆν
704 1965 933 2056 εὐζωνοτάτην
952 1965 1125 2055 Ῥωμαίων

113 2072 254 2160 νεότητα
274 2070 319 2154 ὡς
337 2072 403 2161 εἶχε
420 2073 544 2161 τάχους
561 2076 678 2160 ἐξῆχεν
695 2074 749 2142 ἐπὶ
766 2073 845 2154 τοὺς
861 2077 1127 2162 διεσπαρμένους

113 2182 167 2248 ἐπὶ
189 2178 248 2261 τάς
264 2179 445 2270 προνομάς.
486 2177 683 2259 ἀποκτείνας
707 2179 745 2248 δὲ
765 2179 912 2260 πολλοὺς
935 2177 1047 2249 αὐτῶν
1069 2182 1126 2248 καὶ
1144 2187 1165 2252 3

111 2284 175 2372 τῆν
197 2293 292 2355 λείαν
321 2284 407 2374 όσην
434 2277 519 2373 ῆγον
547 2282 755 2373 ἀφελόμενος
782 2283 881 2372 ἐγγὺς
906 2289 965 2372 τῆς
987 2288 1125 2354 ἐκείνων

112 2396 325 2482 παρεμβολῆς
346 2399 476 2462 τίθεται
498 2391 559 2462 τὸν
586 2391 714 2479 χάρακα
741 2393 797 2460 καὶ
820 2390 985 2460 διαλιπὼν
1009 2389 1123 2477 ὀλίγας
1138 2415 1165 2456 ω

112 2496 206 2578 τινάς
228 2497 364 2588 ἡμέρας,
388 2501 450 2579 ἕως
471 2497 493 2587 ῆ
515 2525 551 2568 τε
573 2496 673 2584 λοιπῆ
693 2497 837 2586 δύναμις
860 2500 895 2566 ἐκ
917 2501 976 2585 τῆς
997 2496 1127 2578 πόλεως

116 2605 201 2694 πρὸς
223 2603 326 2675 αὐτὸν
349 2605 488 2692 ἀφίκετο
510 2606 566 2673 καλ
589 2607 627 2672 αλ
645 2601 735 2692 παρά
758 2608 826 2673 τῶν
840 2599 1034 2691 ’συμμάχων
1057 2606 1126 2673 έπι-

113 2717 248 2798 κουρίαι
281 2711 518 2799 συνήχθησαν,
554 2711 750 2797 κατέβαινεν
781 2713 829 2790 είς
859 2707 898 2778 τὸ
929 2713 1048 2780 πεδίον
1081 2708 1127 2793 ὡς

114 2817 355 2904 μαχησόμενος.

143 2935 145 2940 ’
201 2924 335 2991 LXHII.
367 2922 514 3003 Ἰδόντες
540 2922 579 2990 δὲ
605 2919 685 3001 τοὺς
707 2918 891 3008 Ῥωμαίους
919 2926 954 2991 ολ
978 2929 1123 3011 Σαβῖνοι
1138 2952 1165 2994 ω

113 3028 299 3116 προθύμως
322 3030 375 3098 ἐπὶ
401 3027 462 3099 τὸν
489 3028 606 3115 ἀγῶνα
628 3030 821 3116 χωροῦντας
847 3029 967 3115 ἐξῆγον
989 3029 1044 3097 καὶ
1067 3029 1125 3099 αὐ-

114 3136 167 3204 τοὶ
190 3134 249 3216 τὰς
275 3134 437 3223 δυνάμεις
465 3135 541 3206 οὔτε
568 3134 692 3222 πλῆθει
719 3132 911 3222 λειπόμενοι
937 3138 1006 3203 τῶν
1029 3144 1126 3205 πολε-

185 3337 201 3386 3
220 3328 356 3401 κειμένην
375 3330 422 3386 Bb
437 3332 466 3385 eh
478 3330 582 3387 Reiske
600 3329 735 3400 κειμένου
749 3329 825 3384 BaR
879 3337 894 3385 5
914 3335 1062 3399 προειπεῖν
1076 3331 1125 3385 ΑΒ

115 3403 211 3458 ἵεσθε
230 3399 350 3472 στρατὸν
369 3399 493 3471 spatium
511 3401 594 3456 unius
611 3400 689 3457 vocis
708 3403 734 3456 A
805 3407 822 3458 8
841 3402 913 3470 φίλω
931 3400 957 3455 A
973 3402 976 3470 Ι
994 3397 1085 3472 έχθρά
1099 3405 1127 3458 Α

115 3480 148 3528 17
168 3473 392 3545 διεσπασμένους
410 3476 436 3527 Δ
507 3478 540 3529 22
560 3470 594 3528 αλ
610 3490 663 3528 om.
683 3473 706 3526 B

168 3578 268 3622 onm.
280 3582 345 3623 En.
359 3583 378 3622 Ι,
396 3591 436 3624 το.
449 3581 551 3624 διοοιιῑ.
930 3565 965 3617 25
