2454 3916
121 245 187 310 246
545 245 708 298 -Β-

79 405 102 472 4
121 408 313 493 ἱερουργίας
334 405 519 472 ἐπετέλουν.
564 401 627 491 τὴν
657 402 695 470 δέ
720 402 882 491 τετάρτην
904 417 977 482 τοῖς
999 402 1141 489 έξηγου·

120 511 235 598 μένοις
255 508 296 579 τδι
314 508 508 597 θεόπεμπτα
531 523 650 596 σημεῖα
672 509 729 577 καί
753 512 924 597 διαιροῦσι
941 513 1047 578 τίνων
1067 509 1140 578 έστί

120 616 297 704 μηνύματα
325 617 530 708 πραγμάτων
560 619 631 708 ίδίηι
657 643 692 684 τε
718 617 775 684 καὶ
804 620 964 707 δημοσίηι,
989 611 1050 695 οὓς
1071 612 1137 704 ἀφ’

120 721 197 803 ἑνός
229 727 341 804 εἰδους
372 727 441 792 τῶν
473 721 704 812 θεωρημάτων
734 726 794 810 τῆς
828 725 947 810 τέχνης
976 719 1140 809 Ῥωμαῖοι

80 855 94 897 ι
119 833 282 898 καλοῦσιν
317 829 480 918 αὔγορας,
516 826 611 917 ἡμεῖς
643 828 675 896 δ’
705 825 749 898 διν
781 838 934 918 εἴποιμεν
966 828 1193 902 οἰωνοπό-373

119 944 212 1023 λους,
230 934 360 1024 ἁπάσης
382 941 442 1024 τῆς
464 941 624 1025 μαντικῆς
642 934 721 1024 παρ’
743 934 858 1017 αύτοῖς
880 935 982 1017 ὄντας
1003 935 1139 1024 έπιστή.

120 1069 226 1130 μονας
253 1047 312 1131 τῆς
339 1069 374 1111 τε
401 1043 477 1131 περὶ
504 1042 545 1112 τά
579 1041 722 1131 οὐράνια
749 1043 805 1112 καὶ
831 1041 872 1112 τά
895 1041 1056 1131 μετάρσια
1078 1045 1138 1112 καί

79 1145 159 1216 ὃτὰ
186 1150 323 1235 ἐπίγεια.
376 1147 439 1236 τὴν
473 1148 511 1217 δέ
542 1151 693 1236 πέμπτην
722 1164 795 1230 ταῖς
822 1148 1070 1237 φυλαττούσαις
1097 1149 1138 1236 τὸ

121 1253 214 1342 ἰερὸν
241 1260 307 1343 πῦρ
336 1256 537 1346 παρθένοις,
564 1263 603 1325 αδ
626 1261 810 1325 καλοῦνται
838 1254 922 1345 πρὸς
945 1254 1057 1325 αὐτῶν
1082 1258 1138 1326 ἐπὶ

81 1385 106 1426 10
119 1365 178 1448 τῆς
209 1368 293 1445 θεᾶς
324 1359 368 1452 ἣν
395 1363 647 1456 θεραπεύουσιν
676 1362 840 1449 ἑστιάδες,
872 1361 974 1443 αὐτὸς
1003 1366 1140 1451 πρῶτος

120 1466 212 1557 ἱερὸν
244 1471 469 1560 ἱδρυσάμενος
491 1471 667 1559 Ῥωμαίοις
690 1467 823 1550 Ἑστίας
853 1471 909 1538 καί
940 1471 1140 1557 παρθένους

118 1573 297 1660 άποδείξας
319 1577 403 1668 αὐτῇ
427 1577 637 1666 θυηπόλους·
665 1573 749 1664 ὑπὲρ
773 1567 822 1644 &v
851 1573 948 1661 ὀλίγα
970 1576 1027 1644 καὶ
1050 1574 1139 1646 αύτδι

118 1679 383 1770 τάναγκαιότατα
412 1690 471 1772 της
498 1682 694 1762 ὑποθέσεως
719 1679 927 1768 ἀπαιτούσης
948 1680 1139 1768 άναγκαίον

119 1792 234 1859 είπεῖν.
280 1796 349 1860 ἔστι
372 1789 436 1880 γάρ
459 1788 481 1860 δ
503 1791 560 1860 καὶ
588 1788 751 1877 ζητήσεως
778 1786 916 1876 ἠξίωται
940 1790 1021 1872 [καὶ]
1044 1788 1140 1878 παρὰ

79 1917 106 1958 ιι
120 1903 258 1976 πολλοῖς
279 1901 348 1965 τῶν
366 1895 559 1984 Ῥωμαϊκῶν
587 1897 812 1984 συγγραφέων
841 1892 924 1964 κατὰ
945 1893 1006 1964 τὸν
1029 1894 1139 1966 τόπον

118 2005 256 2089 τούτου,
281 2000 392 2092 [ὑπὲρ]
417 1997 466 2072 ὧν
490 2007 526 2072 οἰ
544 2001 603 2084 τδις
630 2008 738 2082 αἰτίας
767 2000 828 2072 οὐκ
851 2001 1043 2088 ἐξητακότες
1067 2005 1139 2072 έπι-

119 2112 226 2196 μελῶς
248 2110 451 2197 εἰκαιοτέρας
474 2109 654 2197 ἐξήνεγκαν
676 2107 735 2189 τάς
757 2107 897 2199 γραφάς.

23 2208 102 2286 δεδι)
164 2219 185 2258 ⁸
207 2218 306 2285 LXV.
356 2214 424 2304 Τὴν
460 2221 549 2303 γοῦν
579 2219 715 2304 ἵδρυσιν
750 2219 812 2283 τού
849 2217 942 2302 ίερού
974 2211 1139 2308 Ῥωμύλῳ

118 2322 206 2404 τινές
242 2321 442 2392 ἀνατιθέασι
483 2327 552 2392 τῶν
594 2320 776 2411 ἀμηχάνων
817 2327 1010 2408 νομίζοντες
1047 2320 1140 2391 εἶναι

77 2451 106 2493 20
119 2429 247 2511 πόλεως
283 2432 490 2518 οἰκιζομένης
525 2427 582 2498 ὑπ’
616 2427 743 2517 άυδρὸς
779 2429 938 2518 ἐμπείρου
974 2434 1140 2518 μαντικῆς

118 2535 163 2625 μὴ
191 2540 508 2625 κατασκευασθῆναι
535 2540 670 2623 πρῶτον
698 2537 811 2605 ἑστίαν
838 2531 959 2624 κοινὴν
986 2538 1046 2622 τῆς
1076 2535 1139 2604 πό-

118 2652 216 2730 λεως,
238 2644 296 2712 καί
318 2646 422 2712 ταῦτα
446 2645 483 2711 έν
497 2640 605 2733 ’Ἄλβᾳ
626 2645 688 2710 τοῦ
710 2647 845 2710 κτίστου
867 2643 1069 2728 τραφέντος,
1095 2645 1193 2713 §vau

118 2741 140 2838 ᾖ
162 2748 308 2818 παλαιὸν
332 2750 365 2830 ἐξ
385 2739 426 2816 ού
444 2745 481 2816 τὸ
504 2752 565 2836 τῆς
582 2751 665 2827 θεᾶς
686 2746 809 2834 ταύτης
832 2745 924 2835 ἰερδν
948 2749 1138 2835 ίδρυμένον

118 2849 178 2943 ἦν,
206 2856 263 2926 καὶ
289 2858 350 2942 τῆς
381 2854 506 2943 μητρὸς
537 2852 642 2924 αὐτοῦ
674 2852 853 2940 θυηπόλου
884 2855 1069 2941 γενομένης
1096 2860 1139 2946 τῇ

190 3022 206 3070 3
211 3008 384 3106 μηνύματα
407 3032 461 3070 om.
485 3016 510 3070 A
586 3021 604 3069 4
626 3014 683 3068 τάν
701 3009 895 3100 θεωρημάτων
920 3033 971 3082 της
992 3012 1139 3084 τέχνηςΒ

119 3087 169 3156 τῆς
186 3085 287 3156 τέχνης
309 3106 333 3141 τ.
352 3088 382 3142 θ.
401 3087 427 3142 Β,
499 3085 696 3141 ὁκαλούσιΑ
720 3085 725 3156 Ι
751 3079 885 3172 αύγόρας
898 3085 952 3139 AB
975 3101 1044 3139 corr.
1073 3087 1139 3157 Syl·

118 3159 199 3226 bur,
227 3159 382 3213 Ambrosch
464 3152 562 3213 θάπδ
587 3156 636 3211 Ab
723 3162 756 3210 13
779 3153 839 3210 *τὰ
867 3149 1137 3245 άναγκαιόταταΟ

121 3235 156 3283 14
174 3249 193 3284 α
213 3246 267 3284 om.
283 3229 411 3298 ΒοΒΙη
402 3223 512 3294 ’ξίωται
530 3227 580 3282 καὶ
594 3228 647 3282 ΑΒ
664 3227 714 3282 καὶ
728 3227 783 3283 del
797 3227 953 3282 Ambrosch
1009 3234 1042 3283 16
1061 3223 1139 3299 ὑπὲρ

119 3300 175 3356 del.
190 3301 346 3355 Ambrosch
419 3304 451 3353 19
470 3296 546 3361 τινδς
565 3294 686 3353 ἐπὶτῶν
700 3293 861 3385 άμηχάνων
868 3293 1043 3354 άνατιθέασι
1056 3303 1139 3390 νομί-

120 3375 229 3457 ζρντες
235 3372 319 3442 ΑοΒ,
338 3370 386 3426 sed
404 3386 474 3425 corr.
494 3371 523 3424 εἰ
541 3370 689 3425 adnotavit
706 3371 803 3439 Amg=
826 3366 915 3432 οὕτως
923 3364 1139 3455 άναγνωοτεον

119 3438 172 3497 τόν
190 3444 294 3513 χῶρον·
311 3414 444 3531 Ρωμύλῳ
466 3438 557 3567 τιυὲςέ
565 3435 792 3496 άνατιθέασι”
755 3462 811 3496 των
835 3437 989 3512 άμηγάνων
1008 3443 1093 3512 νομίζ
1092 3463 1139 3499 ον

119 3533 167 3577 τες
183 3511 271 3570 εἶναι·
290 3509 388 3568 καίτοι
404 3509 508 3583 έξῆς;ι
500 3531 530 3567 m
544 3507 614 3567 πὶ
605 3529 695 3568 messe
710 3510 741 3566 έν
755 3532 782 3567 τι
796 3531 869 3584 susp.
881 3511 970 3568 cobet
980 3511 1043 3568 obs
1059 3531 1088 3584 p
1102 3520 1138 3573 53
