2454 3916
147 223 211 289 186
569 221 734 276 -Β-

233 384 370 451 XXIIII.
403 390 510 451 Δοκεῖ
540 381 577 450 δὲ
609 383 666 451 καὶ
697 385 755 469 τῆς
787 381 890 469 άλλης
916 379 1108 469 εὐκοσμίας,
1135 374 1158 470 ᾗ

144 488 312 579 χράμενοι
345 486 502 577 Ῥωμαῖοι
546 487 752 574 διεφύλαξαν
789 486 1059 575 εὐδαιμονοῦσαν
1095 486 1157 575 την

144 595 245 664 πόλιν
273 597 327 667 ἐπὶ
353 593 479 675 πολλάς
506 593 638 682 γενεάς,
666 595 793 674 ἐκεῖνος
820 591 917 682 άρξαι
943 591 1071 680 νόμους
1099 621 1157 662 κα-

144 701 225 784 λοὺς
246 704 303 771 καὶ
325 705 563 791 συμφέροντας
584 699 761 789 ἀγράφους
786 701 848 788 μέν
870 699 949 782 τοὺς
970 706 1158 787 πλείστους,

103 831 117 872 ι
145 814 215 878 ἔστι
243 807 274 877 δ’
306 807 366 890 οὓς
391 809 448 877 καί
476 811 513 877 έν
544 807 717 896 γράμμασι
748 809 922 895 κειμένους
953 808 1158 895 καταστησά-

144 942 260 1004 μενος,
288 906 338 985 ῶν
366 913 430 1002 έγῶ
457 913 537 996 τούς
563 915 625 1003 μὲν
654 913 777 995 ἄλλους
805 913 908 984 οὐδὲν
936 917 1054 1003 δέομαι
1077 916 1157 1002 γρά-

144 1048 235 1110 φειν,
259 1018 319 1102 οὓς
346 1021 384 1089 δέ
409 1020 546 1090 πάντων
574 1019 716 1109 μάλιστα
743 1019 939 1108 τεθαύμακα
960 1022 1016 1089 καλ
1046 1023 1080 1103 ἐξ
1103 1013 1214 1091 ῶυκεο

143 1125 313 1215 ὑπείληφα
335 1132 511 1215 καταφανῆ
534 1129 591 1196 καὶ
612 1126 675 1215 τὴν
699 1127 806 1215 άλλην
828 1132 890 1197 τοῦ
912 1125 1039 1215 άνδρδς
1061 1129 1159 1216 γενή-

145 1244 267 1303 σεσθαι
290 1240 515 1322 νομοθεσίαν,
546 1233 590 1315 ῶς
613 1232 762 1323 αὐστηρά
784 1235 840 1303 καὶ
863 1233 1092 1325 μισοπόνηρος
1114 1227 1158 1322 ἦν

105 1366 131 1406 10
144 1343 201 1410 καὶ
222 1340 352 1429 πολλὴν
376 1348 499 1430 ἔχουσα
521 1340 606 1430 πρὸς
627 1341 707 1422 τοὺς
735 1339 903 1429 ἡρωικοὺς
925 1345 1023 1427 βίους
1045 1339 1160 1429 ὁμοιά-

104 1447 125 1510 2
144 1474 237 1534 τητα,
261 1446 306 1516 δι’
328 1447 443 1536 ὀλίγης
465 1446 687 1536 ὑπομνήσεως
709 1451 860 1535 σημανῶ,
883 1438 1024 1517 τοσοῦτο
1046 1474 1159 1537 προει-

144 1554 233 1641 κῶν,
266 1552 318 1623 ὅτι
350 1582 408 1642 μοι
440 1559 602 1624 δοκοῦσιν
629 1554 773 1636 ἅπαντες
801 1558 837 1624 οί
863 1555 1076 1637 διατάξαντες
1100 1555 1160 1635 τάς

144 1687 179 1731 τε
206 1660 412 1751 βαρβαρικάς
438 1663 494 1731 καί
526 1660 586 1743 τάς
607 1660 803 1749 Ἑλληνικάς
829 1668 997 1743 πολιτείας
1025 1660 1063 1731 τὸ
1096 1663 1177 1750 μέν.

144 1765 264 1836 κοινὸν
297 1766 411 1854 ὀρθῶς
443 1772 545 1854 ἰδεῖν,
578 1767 631 1838 ὅτι
661 1769 762 1838 πόλιν
791 1766 925 1839 δίκασαν
956 1772 992 1838 ἐκ
1023 1774 1159 1838 πολλῶν

103 1905 130 1945 15
146 1882 249 1942 οίκωυ
273 1877 489 1943 συνεστῶσαν
513 1873 625 1962 ὀρθήν
647 1901 683 1944 τε
701 1883 797 1944 αλείυ
821 1874 909 1956 είκδς
927 1874 1010 1945 ὅταν
1034 1878 1070 1944 οί
1089 1880 1160 1945 τῶν

146 1984 293 2050 ἰδιωτῶν
320 1979 511 2051 εὐσταθῶσι
538 1987 624 2069 βίοι,
657 1984 713 2051 καὶ
744 1985 892 2070 χειμῶνα
922 1981 1031 2052 κολύν
1063 1982 1159 2070 άγειν

145 2085 227 2156 ὅταν
258 2091 367 2168 κακῶς
399 2087 549 2169 ἑκάστοις
581 2093 638 2177 έχη
669 2087 710 2157 τά
738 2092 824 2175 ίδια,
855 2088 911 2158 καὶ
939 2088 991 2158 ὅτι
1020 2093 1075 2158 δεῖ
1097 2089 1159 2159 τδν

144 2198 231 2263 νοῶν
254 2199 373 2282 έχοντα
395 2193 570 2265 πολιτικὸν
588 2194 702 2263 ἐάντε
724 2197 913 2283 νομοθέτης
931 2195 992 2266 ἐάν
1010 2224 1045 2266 τε
1063 2203 1159 2284 βασι-

146 2298 222 2381 λεὺς
244 2293 277 2390 ᾖ,
299 2305 403 2370 ταῦτα
422 2311 635 2389 νομοθετεῖν,
658 2297 831 2388 δτιοιήσει
850 2305 1002 2383 δικαίους
1018 2303 1076 2371 καί
1095 2304 1160 2373 σῶ-

105 2456 131 2496 20
144 2434 277 2497 φρονας
298 2407 377 2488 τοὺς
394 2411 463 2476 τῶν
488 2411 633 2477 ἰδιωτῶν
656 2412 762 2494 βίους.
803 2411 837 2491 ἐξ
861 2400 909 2476 ῶν
929 2408 961 2476 δ’
982 2405 1026 2478 άν
1050 2413 1160 2499 ἐπιτη-

145 2514 326 2603 δευμάτων,
345 2515 401 2582 καί
425 2512 470 2582 δι’
492 2517 575 2582 οἴων
593 2516 749 2601 γένοιντο
768 2518 916 2584 τοιοῦτοι
934 2515 1063 2603 νόμων,
1082 2515 1160 2586 οὐκ-

144 2619 197 2690 έθ’
220 2619 345 2708 ὁμοίως
367 2618 510 2700 άκαντες
534 2623 678 2689 δοκοῦσί
703 2647 761 2708 μοι
784 2624 958 2707 συνιδεῖν,
973 2620 1046 2690 ἀλλ’
1073 2628 1165 2693 ἔνιοί

144 2753 182 2814 γε
204 2732 333 2796 πολλοῦ
355 2729 411 2797 καί
433 2717 653 2812 τούπαυτός,
677 2724 721 2806 ῶς
744 2731 861 2813 εἰπεῖν,
885 2731 922 2797 έν
945 2742 1015 2809 τοῖς
1036 2756 1160 2818 κυριω-

144 2833 257 2914 τάτοις
283 2836 340 2903 καὶ
366 2834 511 2923 πράτοις
538 2836 652 2922 μέρεσι
679 2839 740 2923 τῆς
760 2841 967 2923 νομοθεσίας
988 2833 1160 2926 ἁμαρτεῖν.

145 2938 264 3010 αὐτίκα
290 2941 366 3030 περὶ
393 2939 511 3029 γάμων
542 2942 599 3010 καὶ
625 2945 684 3029 τῆς
713 2941 798 3032 πρὸς
824 2956 988 3029 γυναῖκας
1011 2941 1213 3032 ὁμιλίας,ν86

145 3043 206 3134 ἀφ’
230 3036 271 3135 ἧς
303 3045 468 3136 άρχεσθαι
501 3051 556 3116 δεῖ
584 3045 645 3116 τὸν
675 3050 883 3136 νομοθέτην,
917 3047 1026 3139 ῶσκερ
1053 3052 1110 3120 καὶ
1137 3049 1158 3139 ἡ

104 2919 127 2982 4

104 3005 131 3046 25

216 3283 233 3334 8
252 3277 390 3348 γενέσθαι
408 3278 431 3331 Β
449 3273 662 3346 γενήσεσθαιῑλ
734 3285 768 3334 11
786 3279 946 3337 ΙΙ’τοσοῦτον
961 3279 984 3336 Ο
1060 3286 1094 3337 lb
1113 3277 1159 3351 ὀρ-

144 3346 204 3420 ν
218 3348 308 3474 ’θ’
323 3347 544 3490 κλῖνε
604 3348 731 3485 λλκ
745 3345 938 3487 ἐκκάει
954 3358 1017 3493 εἴ
1034 3354 1160 3490 καί

145 3440 319 3548 δύςΗΐύήῙείω
335 3491 454 3547 Hermes
472 3489 499 3547 X
516 3509 543 3562 p.
563 3496 616 3548 409
688 3499 724 3549 26
743 3490 879 3563 έρχὲσθαι
896 3495 922 3549 Α
