2454 3916
570 217 737 270 -A-

147 375 301 456 λιπόντες
322 373 463 465 Ἀργείοι
484 373 521 444 τὸ
547 378 644 463 γένος
667 374 761 455 ὄντες
786 380 835 456 είς
853 374 998 445 Ἰταλίαν
1020 375 1165 465 ἀφίκον-

147 506 198 552 το·
231 480 415 572 Εὐάνδρου
437 509 472 550 τε
496 475 540 552 αὖ
563 483 619 551 καλ
638 481 812 570 Ἀρκάδων
839 480 999 571 ἀφίξεως,
1030 491 1067 553 οἳ
1087 487 1165 575 περλ

147 589 184 658 τὸ
204 588 419 659 Παλλάντιον
442 588 589 683 ιβκησαν,
604 589 824 676 Ἀβοριγίνων
844 591 958 671 αὐτοῖς
975 592 1165 680 παρασχόν-

146 723 215 766 των
233 696 271 766 τδ
295 703 433 785 χωρίον
457 703 505 765 ἔτι
528 696 566 765 δὲ
583 703 871 784 Πελοποννησίων
894 702 963 766 τῶν
986 695 1052 767 σύν
1064 695 1169 786 Ἡρα-

78 883 81 888 ,
107 839 120 881 5
147 812 220 873 κλεί
244 807 614 894 παραγενομένων,οἱ“
578 803 835 897 οκατηύκησαν
863 805 916 872 ἐπὶ
942 813 1006 872 τοῦ
1032 812 1167 894 Σατορ·

147 917 238 980 ίνου·
261 918 453 980 τελευταῖον
476 911 514 978 δὲ
534 914 602 979 τῶν
621 909 887 980 ἀπαναστάντων
910 911 945 979 ἀι
966 915 1026 1040 της
1048 911 1168 999 Τρωά-

149 1021 207 1096 δος
230 1017 286 1085 καλ
309 1018 610 1104 συγκερασθέντων
633 1031 703 1097 τοῖς
724 1019 908 1106 προτέροις.
944 1017 1075 1087 τούτων
1098 1016 1167 1106 γὰρ

147 1118 191 1192 ἀν
221 1121 323 1191 οὐδὲν
350 1122 446 1211 εύροι
472 1127 542 1192 τῶν
576 1125 690 1194 ἐθνῶν
722 1124 800 1193 οὔτε
831 1122 1050 1212 ἀρχαιότερον
1086 1124 1167 1194 οὔτε

107 1227 436 1316 δἙλληνικῶτερον.
468 1234 506 1298 αί
523 1230 561 1298 δὲ
577 1235 646 1300 τῶν
664 1230 847 1319 βαρβάρων
867 1233 1037 1318 ἐπιμιξίαι,
1057 1229 1103 1299 δι’
1127 1230 1168 1313 ἀς

107 1334 167 1425 m}
191 1335 288 1417 πόλις
309 1334 418 1405 πολλὰ
440 1341 509 1406 τῶν
531 1334 682 1426 ἀρχαίων
705 1337 975 1426 ἐπιτηδευμάτων
999 1334 1167 1425 ἀπέμαθε,

146 1442 209 1512 σύν
232 1442 344 1535 χρόνῳ
368 1445 533 1529 ἐγένοντο.
577 1445 633 1512 καὶ
660 1447 778 1531 θαῦμα
805 1443 867 1532 μὲν
893 1447 993 1512 τούτο
1020 1452 1164 1525 πολλοῖς

146 1547 189 1618 ἀν
212 1548 300 1618 εῖναι
323 1548 431 1632 δόξειε
453 1548 494 1618 τδι
513 1549 625 1619 είκότα
643 1552 888 1637 λογισαμένοις,
906 1554 976 1630 πῶς
995 1549 1058 1638 οὐχ
1075 1548 1161 1619 ἅπα-

146 1677 189 1724 σα
213 1656 471 1744 ἐξεβαρβαρώθη
494 1655 646 1737 Ὀπικούς
667 1682 703 1724 τε
725 1655 956 1746 ὑποδεξαμένη
982 1658 1039 1726 καὶ
1062 1664 1219 1747 Moto-231

146 1763 228 1842 σούς
250 1764 306 1830 καὶ
329 1769 502 1843 Σαυνίτας
524 1764 580 1832 καλ
603 1762 800 1852 Τυρρηνούς
821 1764 878 1831 καλ
901 1768 1080 1851 Βρεττίους
1094 1761 1168 1852 'Op-

106 1894 132 1936 15
145 1873 273 1957 βρικῶν
294 1895 331 1937 τε
348 1870 404 1937 καλ
423 1868 562 1955 Λιγύων
580 1871 635 1938 καλ
651 1867 793 1957 Ἰβήρων
812 1871 868 1938 καλ
882 1874 1018 1938 Κελτῶν
1037 1869 1167 1958 συχνὰς

146 1974 312 2064 μυριάδας
340 1973 425 2044 ἀλλα
451 2002 486 2044 τε
513 1975 599 2064 πρὸς
624 1990 695 2058 τοῖς
717 1977 906 2065 εἰρημένοις
928 1981 1014 2064 ἔθνη
1037 1973 1078 2046 τά
1103 1977 1168 2065 μὲν

146 2084 180 2164 ἐξ
209 2080 313 2169 αὐτῆς
333 2081 489 2168 Ἰταλίας,
516 2082 556 2151 τδι
586 2080 619 2150 δ’
645 2085 679 2164 ἐξ
707 2085 830 2171 ἑτέρων
858 2081 1027 2170 ἀφιγμένα
1050 2082 1167 2154 τύπων

146 2194 250 2277 μυρία
274 2187 338 2258 ὅσα
363 2187 441 2258 ούτε
465 2186 660 2277 ὁμόγλωττα
684 2188 761 2259 ούτε
784 2187 973 2277 ὁμοδίαιτα,
997 2181 1047 2259 ῶν
1071 2189 1168 2275 [οὔτε

146 2295 264 2383 φωνδις
292 2295 371 2364 ούτε
400 2299 549 2382 δίαιταν]
577 2298 634 2365 καὶ
662 2302 758 2384 βίους
785 2296 974 2384 σύγκλυδας
997 2293 1168 2385 ἀναταρα-

106 2405 291 2491 ταχθέντας
317 2406 354 2472 έκ
381 2403 545 2490 τοσαύτης
578 2407 766 2490 διαφωνίας
795 2401 902 2472 πολλὰ
929 2407 991 2472 τού
1017 2409 1169 2474 παλαιού

105 2509 275 2598 4κόσμου
301 2514 361 2598 τῆς
388 2510 517 2591 πόλεως
543 2515 731 2598 νεοχμῶσαι
758 2508 848 2590 είκδς
875 2502 933 2598 ἦν·
967 2510 1036 2578 ἐπεὶ
1066 2508 1170 2581 ἄλλοι

145 2643 182 2705 γε
202 2618 321 2706 συχνοὶ
340 2619 376 2686 έν
395 2617 581 2705 βαρβάροις
600 2621 772 2697 οίκούντες
791 2615 908 2704 ὀλίγον
928 2615 1057 2705 χρόνον
1078 2621 1169 2687 διελ-

144 2722 271 2803 θόντος
289 2723 379 2792 ἀπαν
398 2722 436 2793 τὸ
450 2721 648 2810 Ἑλληνικὸν
667 2723 855 2810 ἀπέμαθον,
874 2722 919 2803 ῶς
937 2722 1019 2810 μήτε
1042 2724 1169 2813 φωνὴν

140 2827 286 2898 Ἑλλάδα
324 2834 539 2919 φθέγγεσθαι
575 2829 656 2918 μήτε
692 2829 959 2919 Ιέπιτηδεύμασιν
996 2830 1172 2918 Ελλήνων

218 3067 233 3116 7
252 3063 318 3149 post
335 3060 462 3130 τρωάδος
481 3063 635 3148 sequuntur
657 3063 707 3148 ηαλ
731 3046 908 3132 συγκέρασαν
928 3057 976 3117 ἐπὶ
993 3061 1044 3115 τοῦ
1064 3078 1169 3133 σατυρ-

145 3133 208 3188 νίον
227 3129 374 3187 τελεύτεον
393 3129 426 3187 δὲ
444 3131 501 3219 τῶη
520 3126 746 3187 ἀπαναστάντων
771 3129 804 3188 έκ
827 3133 878 3202 τῆς
901 3127 1030 3221 τρωαδύς
1051 3133 1090 3205 Β,
1115 3135 1169 3190 sed

145 3204 198 3258 del.
214 3222 250 3257 m.
265 3222 307 3274 pr.
362 3207 379 3258 8
399 3222 463 3257 οντε
482 3197 672 3273 ἀρχαιότατον
696 3199 762 3260 σύτο
787 3199 1066 3292 ἕλληνικῶτατονΟ,
1091 3221 1168 3264 corr

145 3274 304 3345 Stephanus
388 3279 421 3329 15
439 3275 489 3328 καλ
507 3274 622 3329 Κελτῶν
641 3292 695 3330 om.
715 3276 738 3330 Β
821 3281 854 3331 18
878 3270 944 3330 ούτε
970 3271 1071 3345 φωνὰς
1096 3272 1168 3333 οὔτε

144 3349 258 3401 δίαιταν
282 3347 336 3401 del.
361 3344 487 3414 Ritschl·
507 3346 541 3402 cf.
558 3344 681 3401 Schmitz
704 3366 731 3416 p.
752 3353 786 3402 14
864 3353 896 3402 19
921 3341 1169 3434 ἀηαταραχθέντα

144 3433 167 3473 ο
194 3416 359 3544 θηλιωίΒλκ
340 3415 359 3473 l
379 3417 396 3472 l.
480 3423 512 3472 21
537 3418 748 3488 νεωγμῶσαιΑ
829 3423 865 3473 24
889 3412 1012 3487 ἕλλήνων
1036 3417 1059 3471 Β
1084 3413 1168 3489 §2225-

143 3509 201 3544 νων
236 3490 307 3544 τιΒ
