2454 3916
530 228 694 278 -Γ-
1051 223 1117 288 399

106 388 201 463 σίους
233 385 407 470 εἰληφέναι
426 375 547 470 λέγων
584 382 728 463 οἰωνοὺς
758 383 814 451 καί
848 382 998 469 δυνατήν
1030 380 1117 450 εἶναι

104 486 166 576 τήν
189 489 351 578 πρᾶξιν’
333 496 545 578 αποφαίνων.
589 487 827 575 νελάσαςδ’“
812 487 1041 576 οΤαρκάνιος
1064 490 1118 558 έπί

105 599 151 688 τῷ
179 595 268 687 λόγῳ
296 598 351 664 καὶ
379 599 583 703 προενέγκας
610 599 646 664 έκ
676 600 738 664 τοῦ
768 595 897 665 κόλπου
929 594 1033 685 ξυρὸν
1061 597 1117 663 καὶ

59 748 68 759 «
105 700 233 788 ἀκόνην
257 704 345 788 λέγει
363 701 447 787 πρὸς
465 701 589 787 αὐτόν,
598 693 828 787 Εάλωκας,
802 728 828 769 ω
848 703 963 787 Νέβιε,
982 706 1117 788 φενακί

107 806 215 889 ζων
198 812 292 894 ημάς
315 809 371 875 καί
403 809 696 896 καταψευδόμενος
722 812 783 876 τοῦ
812 812 995 895 δαιμονίου
1020 832 1116 876 κατα
1131 834 1145 876 ε

106 919 240 1012 φανῶς,
261 913 362 984 ὁπότε
382 915 439 982 καί
461 913 519 994 τὰς
540 912 732 994 ἀδυνάτους
758 914 894 1000 προέξεις
915 911 1118 1049 τετόλμηκας

105 1023 215 1106 λέγειν
248 1021 402 1100 δυνατός.
462 1019 558 1108 ἔγωγ’
596 1012 660 1090 οὖν
693 1019 1026 1110 διεμαντευόμηυ,ε
1010 1025 1116 1089 εἰῶ

107 1125 194 1217 ξυρῷ
217 1130 305 1218 τῶδε
324 1126 386 1214 τήν
410 1123 554 1256 ἀκόνην
561 1126 686 1213 πλήξας
709 1130 814 1214 μέσην
837 1128 1027 1214 δυνήσομαι
1051 1132 1118 1196 διε-

105 1240 187 1301 λειυ.
226 1235 370 1319 νελωτος
394 1229 425 1300 δ
447 1231 520 1314 έξ
503 1232 662 1300 απάντων
685 1235 872 1320 γενομένου
889 1237 958 1301 τῶν
980 1229 1056 1322 περὶ
1078 1225 1158 1303 τδ4

104 1343 195 1426 βήμα
224 1338 309 1408 οάθὲ
308 1367 330 1406 ν
360 1336 638 1428 έπιταραχθείς“
623 1365 647 1407 ο
671 1337 840 1425 Νέβιος“
823 1337 889 1407 υπὸ
918 1344 979 1409 τοῦ
1006 1349 1116 1408 τωθα
1131 1365 1157 1406 ιε

107 1450 194 1532 σμοῦ
216 1472 251 1513 τε
273 1444 412 1513 καὶτοῦ
435 1445 607 1532 θορύβου,
632 1453 717 1514 Παῖε
739 1449 897 1534 θαρρῶν,
926 1450 1006 1532 ἔφη,
1033 1454 1118 1536 Ταρ-

106 1550 213 1635 κύνιε,
235 1549 297 1637 τήν
321 1548 461 1638 ἀκόνην,
484 1549 529 1632 ῶς
550 1556 710 1641 προαιρῇ·
724 1547 986 1638 διαιρεθήσεται
1009 1551 1073 1641 γὰρ
1096 1549 1117 1640 6

106 1656 245 1743 πάσχειν
274 1654 390 1726 ὁτιοῦν
418 1659 549 1745 ἕτοιμος
576 1654 673 1744 έγῶ.’
703 1657 884 1746 θαυμάσας
911 1658 949 1725 δέ
980 1656 998 1727 6
1025 1665 1118 1745 βασι-

107 1764 183 1844 λεὺς
211 1763 248 1833 τὸ
275 1763 413 1854 θράσος
437 1768 498 1834 τοῦ
525 1763 675 1893 μάντεως
706 1767 801 1854 φέρει
830 1762 868 1833 τὸ
902 1763 1005 1852 ξυρὸν
1035 1764 1118 1834 κατά

58 1874 172 1957 σκυτῆς
194 1869 334 1958 ἀκόνης,
356 1870 377 1958 ή
396 1869 481 1939 δὲ
461 1870 548 1958 ακμή
571 1876 633 1939 τοῦ
657 1871 801 1960 σιδήρου
829 1867 874 1938 δι’
901 1869 983 1940 ὅλου
1005 1880 1117 1940 κατελ
1133 1892 1159 1936 ιε

101 1975 219 2045 θοῦσα
241 1981 302 2046 τοῦ
324 1975 428 2046 λίθον
447 1978 517 2064 τήν
544 2004 579 2046 τε
597 1976 725 2064 ἀκόνην
752 1982 878 2066 διαιρεῖ
893 1977 1006 2045 καί”
966 2003 1025 2064 της
1041 2005 1118 2047 κατ-

107 2082 247 2171 εχούσης
281 2078 387 2170 αὐτὴν
423 2082 533 2172 χειρὸς
564 2085 729 2171 ἐπιτέμνει
763 2110 795 2152 τι
829 2086 936 2171 μέρος.
994 2087 1029 2152 06
1057 2079 1158 2171 μὲνῧ
1220 2070 1222 2079 ¹

109 2182 172 2257 οὖν
199 2189 296 2258 ἀλλοι
322 2191 444 2271 πάντες
472 2188 517 2270 ῶς
542 2188 580 2260 τὸ
608 2188 808 2278 θαυμαστὸν
836 2193 935 2258 τοῦτο
961 2190 1017 2257 καί
1044 2188 1119 2258 ἀπι-

108 2307 188 2365 στον
217 2303 317 2384 ἔργον
345 2297 547 2384 ἐθεάσαντο,
573 2297 837 2383 καταπλαγέντες
865 2294 1072 2382 ἀνεβόησαν,
1100 2292 1118 2362 6

109 2403 146 2470 δὲ
172 2403 361 2489 Ταρκύνιος
386 2400 560 2482 αἰδεσθεὶς
583 2403 636 2470 ἐπὶ
666 2406 706 2490 τή
730 2405 891 2490 ’διαπείρᾳ
917 2405 976 2488 τής
1002 2403 1119 2487 τέχνης
1132 2424 1159 2464 νο

107 2510 163 2577 καί
185 2508 223 2578 τὸ
243 2508 385 2598 ἀπρεπές
402 2514 470 2580 τῶν
489 2506 692 2596 ὀνειδισμῶν
712 2505 1021 2595 ἐπανορθώσασθαι
1039 2511 1120 2592 βου-

107 2614 250 2702 λόμενος
271 2619 405 2698 πρῶτον
433 2616 495 2703 μέν
522 2620 589 2684 τῶν
617 2611 773 2700 περίτάς
796 2611 905 2699 φυλὰς
927 2612 1120 2699 έμχειρημά-

107 2748 176 2790 τωυ
203 2720 343 2810 ἀπέστη,
372 2728 481 2793 ἔπειτα
510 2719 541 2790 δ’
570 2720 674 2790 αὐτὸν
702 2718 762 2790 τὸν
790 2721 920 2804 Νέβιον
951 2717 1119 2808 ἀποθερα-

108 2831 228 2895 πεῦσαι
261 2829 437 2915 διαγνούς,
470 2826 515 2909 ῶς
544 2826 703 2896 ἀπόντων
737 2823 933 2914 ἀνθρῶπων
964 2827 1119 2913 θεοφιλέε

106 2953 246 3020 Ιστατον,
269 2933 387 3015 ἀλλαις
407 2962 443 3004 τε
465 2943 604 3014 πολλαῖς
631 2936 904 3021 φιλανθρωπίαις
930 2930 1118 3019 ὑπηγάγετο
1133 2963 1159 3003 τε

108 3039 163 3106 καί
186 3042 244 3106 ἴνα
267 3039 398 3127 μνήμης
422 3045 563 3108 αἰωνίου
590 3038 737 3127 τυγχάνη
765 3035 856 3127 παρὰ
881 3041 950 3107 τῶν
970 3041 1119 3126 ἐπιγινο-

109 3146 221 3232 μένων
244 3144 360 3213 εἰκόνα
382 3144 629 3226 κατασκευάσας
656 3143 760 3214 αάτοῦ
786 3148 911 3264 χαλκῆν
935 3143 1118 3231 ἀνέστησεν

181 3336 387 3409 2ἀποφαίνων
405 3343 428 3395 Β
447 3315 617 3427 ἀναφαίνων
635 3342 661 3395 R
739 3335 985 3410 Ὶδιενοοόμηνο.
1007 3330 1119 3427 Sauppe

110 3415 144 3468 de
163 3413 240 3468 Flori
258 3411 368 3481 crisip.
389 3419 422 3466 12
496 3417 530 3464 14
547 3407 598 3466 τὸν
617 3409 745 3500 ξυρὸνο
766 3411 888 3481 Sylburg
960 3406 1044 3464 236'
1064 3411 1119 3468 del.
1183 3480 1184 3483 Ἴ

109 3483 251 3554 Kiessling
324 3490 357 3538 27
377 3484 521 3554 διέστησεν
542 3479 638 3537 έπί
606 3503 655 3552 της
672 3480 779 3553 ἀγορᾶς
798 3481 820 3537 Ο
840 3483 921 3550 praet
908 3483 992 3536 Ber
