2454 3916
488 211 652 262 -Γ.,

60 385 185 445 σαντος
208 367 339 433 ἐκείνου
361 368 420 452 τής
442 371 612 451 βασιλείας
634 365 700 436 ὑπὸ
719 370 856 436 πάντων
874 365 967 449 άξιος
990 371 1076 456 ἐκρί-

60 481 119 558 θη.
166 471 279 558 ἐπειδὴ
313 471 350 540 δὲ
382 474 547 559 παρέλαβε
584 472 645 560 τὴν
682 472 806 561 άρχήν,
841 479 976 561 πρῶτον
1014 475 1075 563 μἐν

61 580 245 666 ἐπολέμησε
281 591 351 659 τοῖς
386 580 607 666 καλουμένοις
636 577 846 660 Ἀπιολανοῖς
883 580 979 650 πόλει
1014 586 1075 650 τού

32 762 35 767 ¹
62 691 220 753 Λατίνων
245 690 369 764 ἔθνους
397 682 459 754 οὐκ
481 682 615 772 άφανεῖ.
661 690 696 755 οί
720 685 784 774 γάρ
805 685 997 756 Ἀπιολανοὶ
1019 689 1116 756 nal?

20 845 22 848 ⁴
62 795 98 860 οί
124 790 222 860 άλλοι
251 791 438 878 σύμπαντες
466 800 608 862 Λατῖνοι
640 792 721 880 μετά
748 791 810 862 τὸν
828 791 954 880 ’Ἇγκου
978 803 1103 881 Mae-⁵

60 904 139 966 κίου
161 896 315 966 θάνατον
339 897 502 967 λελύσθαι
530 897 589 979 τάς
610 901 686 984 περὶ
713 904 772 987 τῆς
795 900 932 988 εἰρήνης
955 898 1076 988 ὁμολο-

60 1010 137 1090 γίας
170 1003 320 1093 οἰόμενοι
351 1010 518 1094 ληστείαις
547 1033 583 1074 τε
611 1007 667 1076 καὶ
695 1021 882 1094 προνομαῖς
912 1004 975 1094 τήν
997 1004 1075 1075 Ῥω-

61 1115 171 1198 μαίων
199 1114 263 1198 γήν
291 1110 478 1201 ἐπόρθουν·
515 1110 596 1180 ἀνθ’
628 1105 676 1182 ύν
707 1114 964 1202 τιμωρήσασθαι
996 1119 1076 1201 βου-

61 1216 206 1306 λόμενος
245 1213 367 1298 αύτούς
408 1216 426 1286 ὁ
468 1217 654 1303 Ταρκύνιος
699 1219 931 1308 ἐξεστράτευσε
969 1224 1076 1309 πολλή

62 1322 205 1410 δυνάμει
227 1324 283 1391 καὶ
311 1327 370 1411 τῆς
396 1328 458 1411 γῆς
484 1323 598 1394 αύτῶν
624 1324 688 1411 τήν
710 1331 890 1412 κρατίστην
913 1325 1074 1415 ἐδῄωσεν·
1089 1351 1115 1390 ιο

10 1428 275 1517 οελάφικομίνης
298 1427 388 1498 δ’ἐκ
410 1435 478 1500 τῶν
501 1431 743 1519 πλησιοχώρων
762 1437 921 1500 Λατίνων
944 1434 1075 1500 ἐπικου-
1095 1431 1115 1495 3

62 1543 138 1626 ρίας
169 1536 313 1624 μεγάλης
344 1551 415 1618 τοῖς
443 1536 653 1618 Ἀπιολανοῖς
688 1535 800 1618 διττάς
830 1544 960 1635 τίθεται
993 1537 1077 1625 πρὸς

62 1640 186 1724 αύτούς
213 1643 334 1731 μάχας,
360 1645 527 1732 κρατήσας
554 1643 586 1713 δ’
617 1646 654 1712 ἐν
683 1641 887 1733 άμφοτέραις
915 1645 991 1733 περὶ
1013 1642 1076 1732 τὴν

60 1756 260 1839 πολιορκίαν
282 1756 341 1839 τῆς
363 1750 490 1832 πόλεως
517 1753 644 1837 ἐγίνετο
671 1753 728 1819 καὶ
750 1755 897 1839 προσήγε
919 1765 990 1830 τοῖς
1013 1755 1076 1818 τεί-

61 1876 133 1946 χεσι
156 1856 213 1938 τὰς
236 1857 396 1945 δυνάμεις
423 1858 460 1925 ἐκ
483 1861 655 1945 διαδοχῆς·
684 1862 720 1926 οί
745 1856 778 1925 δ’
805 1862 841 1927 ἐκ
863 1862 923 1946 τής
948 1857 1077 1936 πόλεως
1090 1880 1114 1921 15

62 1962 173 2051 ὀλίγοι
190 1990 226 2033 τε
243 1962 325 2050 πρὸς
339 1962 485 2044 πολλοὺς
499 1962 683 2052 μαχόμενοι
701 1965 757 2032 καὶ
775 1963 847 2034 κατ’
865 1963 990 2033 οὐδένα
1007 1991 1078 2031 και-

62 2069 127 2158 ρὸν
150 2068 370 2150 ἀναπαύσεως
391 2069 613 2158 τυγχάνοντες
634 2072 844 2161 ἐξῃρέθησαν
868 2068 932 2138 σὺν
955 2070 1077 2161 χρόνῳ.

60 2176 210 2263 ἁλούσης
238 2177 275 2246 δὲ
302 2175 384 2246 κατὰ
411 2176 531 2263 κράτος
556 2181 616 2265 τῆς
641 2178 769 2256 πόλεως
796 2180 833 2245 οί
857 2176 919 2264 μὲν
942 2180 1078 2256 πλείους

61 2289 132 2353 τάν
153 2282 361 2353 Ἀπιολανῶν
387 2282 573 2372 μαχόμενοι
599 2282 874 2370 κατεσφάγησαν,
902 2280 1010 2367 ὀλίγοι
1040 2282 1077 2350 δὲ

62 2388 104 2459 τὰ
128 2388 214 2459 ὅπλα
237 2390 445 2478 παραδόντες
466 2389 535 2479 ἅμα
561 2403 632 2470 τοῖς
654 2387 769 2468 άλλοις
791 2388 955 2477 λαφύροις
978 2387 1076 2470 ἐπρά-
1091 2410 1117 2450 εο

61 2507 194 2583 θησαν,
225 2499 343 2577 παῖδές
373 2523 409 2566 τε
444 2495 557 2565 αὐτῶν
592 2496 649 2563 καὶ
681 2507 836 2581 γυναῖκες
872 2491 1077 2580 άνδραποδι-

62 2606 205 2683 σθέντες
227 2601 294 2672 ὑπὸ
312 2599 486 2690 Ῥωμαίων
504 2601 718 2689 ἀπήχθησαν,
740 2602 795 2668 καὶ
820 2597 841 2686 ἡ
864 2598 961 2682 πόλις
983 2605 1077 2687 διαρ-

62 2719 233 2780 πασθεῖσα
261 2708 463 2797 ἐνεπρήσθη.
511 2712 616 2778 ταῦτα
643 2706 910 2795 διαπραξάμενος
938 2703 955 2775 ὁ
983 2712 1118 2793 βασι-4

63 2814 142 2895 λεδς
169 2816 225 2884 καὶ
253 2813 292 2884 τὸ
319 2830 427 2903 τεῖχος
458 2819 495 2885 ἐκ
525 2819 693 2904 θεμελίων
725 2811 940 2893 κατασκάψας
971 2811 1078 2901 άπῆγε

62 2921 128 3008 τήν
151 2921 300 3010 δύναμιν
324 2920 373 2990 ἐπ’
400 2931 496 2991 οῖκον
523 2923 579 2990 καὶ
606 2918 688 3009 μετά
715 2918 814 2988 τοῦθ’
840 2920 957 3008 ἑτέραν
980 2939 1077 3006 στρα-
1092 2941 1118 2982 ει

62 3027 140 3098 τιδιυ
168 3020 250 3115 ήγεν
277 3028 331 3096 ἐπὶ
358 3026 421 3116 τήν
443 3030 749 3115 Κρουστομερίνων
777 3026 886 3094 πόλιν.
932 3027 1015 3113 αὕτη
1041 3026 1078 3094 δὲ

138 3268 154 3315 3
169 3254 336 3322 ύτιολιίνοις
350 3258 373 3312 O
389 3261 420 3317 et.
431 3258 471 3314 εἰο
484 3274 602 3329 semper,
616 3275 686 3314 corr.
698 3256 839 3327 Kieesling
893 3251 996 3311 λοέπό
1007 3297 1014 3311 .
1024 3260 1078 3326 θη-

66 3351 120 3388 σαν
139 3332 161 3384 Β
216 3337 250 3386 26
268 3323 339 3400 ἦγεν
356 3329 499 3400 Kiessling
516 3325 628 3399 άπήγεν
643 3329 665 3384 0
681 3328 716 3384 cf.
731 3327 853 3384 Sintenis
866 3327 928 3382 Em.
942 3326 1024 3382 Dion.
1039 3327 1079 3382 III

65 3423 93 3473 p.
114 3409 157 3470 23,
177 3401 266 3458 Cobet
281 3402 346 3456 Obs.
361 3420 389 3472 p.
404 3407 438 3456 ⁷0
454 3402 459 3470 Ι
475 3400 715 3471 κρονστομερινύν
734 3400 810 3455 BaR
827 3398 1078 3470 κρονστομερηνάν

65 3475 113 3529 Bb
132 3476 161 3529 et
179 3472 220 3527 sic
238 3489 348 3544 semper
