2438 3908
564 211 728 266 -Β...

142 393 197 440 σιν
221 372 274 440 ἐπὶ
296 376 354 458 τῆς
377 369 535 458 όξότητος
556 374 625 439 τῶν
645 368 850 457 ὑπηρεσιῶν,
869 365 963 458 (τοὺς
985 365 1051 455 γάρ
1074 367 1127 436 ἑτο
1158 382 1215 446 A.

142 505 225 566 μους
257 479 312 547 καὶ
343 492 451 565 ταχεῖς
482 478 558 565 περὶ
589 475 629 547 τὰ
661 482 742 565 ἔργα
770 475 907 563 κέλερας
939 477 974 543 ολ
993 470 1210 561 Ῥωμαῖε,

140 585 318 675 καλοῦσιν)
343 581 388 664 ῶς
411 583 448 651 δὲ
472 581 656 671 Οὐαλέριος
679 580 697 652 ό
717 580 864 661 Ἀντιεός
887 601 992 669 φησιν
1012 580 1066 648 ἐπὶ
1089 606 1160 649 τι»
1179 612 1219 663 ‘v

102 695 122 758 3
141 689 308 779 ἡγεμόνος
330 688 442 760 αὐτῶν
465 687 555 758 τοῦτ’
582 695 717 777 ἔχοντος
743 683 902 776 τοῦνομα.
947 679 991 774 ἦν
1014 684 1080 776 γάρ
1101 703 1204 773 ιεςη

47 850 51 857 -
101 828 115 869 ι
140 797 272 867 τούτου
295 795 429 885 ἡγεμῶυ
453 794 471 866 ὁ
492 797 766 884 διαφανέστατος,
784 785 812 888 ᾧ
830 807 920 883 τρεῖς
941 792 1196 882 ὑπετάγησαν

143 904 378 993 ἑκατόνταρχοι
400 903 455 970 καὶ
479 895 582 982 αὖθις
607 898 664 970 ὑπ’
691 903 832 981 ἐκείνοις
859 902 967 989 ἕτεροι
994 897 1056 982 τὰς
1077 897 1186 979 ὕετο

143 1013 316 1099 θειοτέρας
344 1016 476 1097 ἔχοντες
503 1008 623 1097 άρχάς,
655 1014 691 1078 οἳ
714 1006 797 1077 κατὰ
825 1006 925 1077 πόλιν
952 1007 1017 1095 μέν
1045 1012 1175 1096 αἰχμκ

143 1116 246 1203 φόροι
268 1142 303 1185 τε
326 1114 415 1209 αὐτῷ
439 1114 727 1205 παρηκολούθουν
753 1116 811 1184 καὶ
837 1119 906 1183 τῶν
928 1115 1168 1203 κελευομένων

142 1220 318 1312 ὑπηρέται,
345 1220 428 1291 κατὰ
458 1223 495 1291 δὲ
521 1221 581 1302 τάς
606 1226 779 1310 στρατείας
804 1221 977 1310 πρόμαχοί
1003 1246 1040 1290 τε
1071 1211 1158 1309 ἦσαν

103 1331 198 1400 ιοκαὶ
221 1333 459 1417 παρασπισταί·
491 1329 546 1397 καὶ
574 1328 744 1399 τὰπολλὰ
772 1319 868 1398 οὗτοι
894 1326 1097 1415 κατώρθουν
1119 1330 1156 1396 ἐν

142 1450 213 1516 τοῖς
236 1434 342 1523 άγῶσι
365 1439 495 1524 πρῶτοί
514 1462 549 1504 τε
573 1433 732 1524 ἄρχοντες
759 1434 865 1523 μάχης
890 1435 948 1502 καὶ
975 1442 1156 1503 τελευταῖοι
1211 1427 1212 1430 '

143 1548 211 1611 τῶν
235 1542 347 1611 άλλωυ
371 1540 604 1630 ἀφιστάμενοι,
627 1544 736 1621 ἱππεῖς
763 1539 825 1628 μέν
853 1546 940 1609 ἔνθα
968 1539 1160 1670 ἐπιτηδειον

144 1659 195 1738 εἴη
218 1655 298 1719 πεδί
283 1657 337 1718 ίον
360 1651 640 1736 ἐνιππομαχῆσαι,
668 1647 759 1729 πεζοὶ
783 1643 864 1715 δδ”
844 1670 931 1716 οπου
957 1644 1077 1735 τραχὺς
1097 1650 1171 1719 εἴη

103 1754 244 1825 maz*
223 1781 367 1835 ανιππος
394 1755 504 1834 τόπος.
548 1753 650 1822 τουτό
679 1780 735 1841 μοι
765 1758 859 1823 δοκεῖ
885 1750 976 1840 παρὰ
999 1754 1178 1823 Αακεδιι

104 1894 130 1934 ιι
144 1866 275 1950 μονίυυ
304 1864 567 1948 μετενέγκασθαι
595 1859 632 1930 τὸ
663 1866 744 1941 ἐθος
773 1858 942 1949 μαθῶυ“
919 1887 974 1929 οτι
1000 1861 1056 1929 οιαὶ
1073 1878 1158 1943 σαί)

144 1970 284 2048 ἐκείνοις
308 1971 344 2036 οἱ
359 1966 593 2054 γενναιότατοι
611 1973 680 2036 τῶν
699 1970 788 2037 νέων
806 1965 995 2056 τριακόσιοι
1013 1965 1186 2056 φόλπκὲὒ

143 2067 231 2163 ησαυ
254 2076 322 2143 τῶν
346 2076 525 2160 βασιλέων,
549 2068 600 2153 οἷς
623 2076 769 2162 ἐχρῶντο
788 2071 871 2142 κατὰ
893 2071 973 2154 τοὺς
994 2074 1188 2160 πολέμιιίΰ

144 2195 399 2271 παρασπισταῖς,
423 2183 563 2248 ἱππεῦσί
581 2206 617 2248 τε
642 2172 718 2248 οὖσι
741 2182 796 2249 καὶ
819 2187 937 2263 πεζοῖς.
1029 2242 1036 2248 .

202 2302 219 2333 '
234 2291 341 2358 XIIII.
378 2286 682 2375 Καταστησάμενος
714 2285 755 2374 δὴ
786 2290 891 2356 ταῦτα
924 2288 1068 2374 διέκρινε
1092 2277 1189 2351 cc&

87 2429 131 2468 ,ιο
145 2397 240 2488 τιμάς
263 2393 399 2476 καὶτὰς
422 2398 589 2480 ἐξουσίας,
617 2390 657 2474 ἃς
685 2393 845 2473 ἑκάστους
872 2391 1028 2479 ἐβούλετο
1057 2395 1187 2479 ἔχειν·

143 2513 277 2594 βασιλεῖ
298 2504 359 2591 μὲν
389 2494 451 2571 οὖν
476 2501 613 2591 ἐξῄρητο
641 2499 721 2570 τάδε
743 2498 784 2569 τά
806 2502 902 2588 γέρα·
934 2504 1067 2588 πρῶτον
1086 2492 1201 2602 1⁸24}

146 2615 247 2700 ἱερῶν
279 2612 336 2679 καὶ
367 2613 502 2678 θυσιῶν
535 2606 719 2696 ἡγεμονίαν
758 2612 845 2694 ἐχειν
882 2607 938 2675 καὶ
970 2605 1075 2676 πάντα
1100 2604 1176 2669 01«

146 2719 277 2785 ἐκείνου
299 2715 506 2804 πράττεσθαι
534 2714 575 2784 τὰ
598 2713 683 2804 πρὸς
705 2712 784 2794 τοὺς
811 2711 914 2793 θεοὺς
937 2711 1026 2800 ὅσια,
1048 2707 1186 2781 §nessa

145 2821 263 2910 νόμων
293 2849 329 2890 τε
356 2824 412 2890 καὶ
439 2828 589 2910 πατρίων
618 2825 771 2910 ἐθισμῶν
804 2817 959 2908 φυλακὴν
986 2814 1183 2889 ποιεῖσδίι

106 2955 133 2996 ιι
147 2930 202 2996 καὶ
225 2926 351 3007 παντὸς
373 2932 435 2996 τοῦ
457 2927 540 2996 κατά
562 2929 668 3017 φύσιν
692 2924 814 3016 ἢκατδι
833 2925 1008 3014 συνθήκας
1027 2924 1179 2996 δικαίαν

145 3047 306 3123 προνοεῖν
334 3039 404 3103 τῶν
431 3061 467 3103 τε
494 3032 709 3124 ἀδικημάτων
739 3031 780 3104 τά
804 3036 941 3121 μέγιστα
969 3031 1033 3120 μέν
1056 3027 1165 3102 αὐτόν’

217 3264 381 3335 3γαλέριος
398 3265 450 3320 ΑΒ
476 3266 480 3334 Ι
502 3259 608 3327 Ἀντιάς
631 3284 654 3320 ο
674 3267 764 3321 Cobet
787 3265 851 3320 Obs
874 3283 901 3334 p,
920 3269 954 3318 43
1030 3259 1150 3321 λαότὸῖ

146 3356 201 3394 om.
224 3340 250 3393 A
335 3343 351 3392 6
376 3331 580 3463 ἐκατοντάρχαι
604 3337 626 3392 Ο
652 3352 722 3391 corr.
749 3334 893 3423 Kieesling
980 3331 1091 3392 Ἱκατά
1107 3331 1150 3405 τὴν

145 3405 229 3465 πόλιν
248 3427 270 3465 c.
285 3407 441 3463 Ambrosch
457 3405 511 3478 Ιὲ
478 3428 497 3478 μ
514 3428 530 3463 ν
549 3423 603 3462 om
617 3406 641 3460 B
714 3401 970 3476 8ἠκολοόθουνΒ
1045 3415 1152 3480 9στριι·

47 3549 53 3557 ⁸
145 3477 248 3544 τιάςΒ
321 3488 355 3536 10
374 3473 501 3535 οὕτωιΒ
