2454 3916
504 213 669 266 -Α-
1030 213 1094 279 123

168 374 316 441 LXXVI.
351 369 504 460 Ἀμόλιος
521 370 635 461 ἐπειδη
653 375 820 463 παρέλαβε
842 372 905 462 τὴν
921 371 1093 461 Ἀλβανῶν

30 485 259 568 ,εεβασιλείαν
296 477 356 549 τὸν
387 479 616 569 πρεσβύτερον
653 478 804 567 ἀδελφὸν
836 483 1011 570 Νεμέτορα
1047 486 1093 574 τῷ

73 590 276 672 κατισχῦσαι
303 590 361 675 της
389 593 532 676 πατρίου
558 592 656 675 τιμῆς
682 585 863 685 ἀπείρξας,
880 587 921 657 τά
950 615 985 658 τε
1008 587 1093 657 ἀλλα

75 692 161 763 κατὰ
183 691 313 780 πολλὴν
336 692 525 783 ὑπεροψίαν
548 698 616 763 τῶν
636 698 777 763 δικαίων
801 698 883 781 ἔδρα
904 696 960 763 καὶ
982 703 1092 764 τελευ-

77 805 147 870 τῶν
172 806 298 889 ἔρημον
320 803 443 887 γένους
463 799 524 870 τὸν
549 799 644 870 οίκον
661 805 723 871 τοῦ
742 804 933 889 Νεμέτορος
956 803 1120 889 ἐπεβοό-5

76 917 177 977 λευσε
198 912 348 995 ποιησαι,
370 913 432 977 τοῦ
454 935 490 977 τε
509 911 608 995 δίκην
626 906 787 995 ὑποσχεῖν
805 908 902 1001 φόβῳ
920 911 976 978 καὶ
995 915 1092 998 ἔρωτι

76 1013 122 1102 μὴ
136 1018 340 1102 παυσθῆναί
349 1039 429 1083 ποτε
442 1018 501 1101 της
514 1011 626 1102 ἀρχῆς.
649 1014 919 1103 βουλευσόμενος
938 1015 1092 1085 δὲταῦτα
1111 1017 1131 1081 2

78 1125 114 1190 ἐκ
135 1125 265 1190 πολλοῦ
287 1125 422 1209 πρῶτον
450 1121 512 1209 μὲν
539 1120 599 1190 τὸν
628 1120 705 1190 υίδν
732 1126 794 1191 τοῦ
817 1124 1092 1221 ΝεμέτοροςΙΑί-

76 1247 198 1315 γεστον
231 1227 307 1315 ἀρτι
338 1228 551 1317 γενειάζοντα
582 1229 732 1315 φυλάξας
770 1235 855 1298 ἔνθα
891 1231 1092 1317 ἐκυνηγέτει,
1161 1250 1165 1254 “

75 1340 280 1424 προλοχίσας
311 1339 372 1406 τοῦ
404 1341 531 1424 χωρίου
561 1335 599 1404 τὸ
631 1335 880 1424 ἀφανέστατον,
911 1335 1091 1417 ἐξελθόντα
1106 1361 1132 1400 ιο
1185 1356 1188 1361 ’

77 1443 129 1510 ἐπὶ
152 1442 268 1530 θήραν
291 1441 479 1513 ἀποκτείνει
501 1445 557 1512 καί
579 1441 806 1529 παρεσκεύασε
829 1444 988 1529 λέγεσθαι
1011 1440 1091 1530 μετὰ

77 1547 115 1617 τδ
135 1553 237 1638 ἔργον
258 1547 302 1629 ῶς
319 1547 385 1618 ὑπὸ
405 1554 537 1639 ληστῶν
556 1548 754 1639 ἀναιρεθείη
772 1548 810 1620 τὸ
830 1549 1013 1638 μειράκιον.
1051 1548 1092 1618 οὐ

53 1659 194 1744 ,μέντοι
221 1661 381 1745 κρείττων
411 1654 432 1744 ἡ
455 1655 702 1744 κατασκευαστὴ
731 1656 813 1739 δόξα
840 1660 899 1745 τῆς
922 1659 1092 1743 σιωπωμέ-

76 1789 139 1850 νης
173 1761 337 1849 ἀληθείας
374 1765 519 1850 ἐγένετο,
557 1762 640 1833 ἀλλά
673 1771 810 1844 πολλοῖς
845 1765 901 1832 καὶ
932 1760 1021 1852 παρὰ
1052 1761 1089 1833 τὸ

77 1869 226 1958 ἀσφαλές
249 1873 408 1958 έτολμάτο
432 1873 591 1958 λέγεσθαι
609 1868 647 1940 τὸ
666 1874 828 1958 πραχθέν.
868 1873 1029 1959 Νεμέτωρ
1053 1869 1091 1938 δὲ

75 1976 151 2065 ᾔδει
175 1975 238 2064 μὲν
261 1975 298 2045 τὸ
323 1981 434 2064 ἔργον,
458 1980 605 2068 λογισμῷ
631 1977 668 2045 δὲ
689 1983 855 2065 κρείττονι
878 1982 940 2046 τοῦ
957 1977 1091 2057 πόθους

77 2082 251 2172 χρεόμενος
273 2082 417 2169 ἀγνοιαν
445 2082 623 2169 ἐσκήπτετο
651 2089 699 2165 είς
721 2083 987 2173 ἀκινδυνότερον
1010 2081 1090 2152 ἀνα-

30 2191 247 2276 Βιβαλίσθαι
280 2188 406 2274 χρόνον
433 2188 496 2276 τὴν
530 2187 635 2277 ὀργην
666 2191 947 2277 βουλευσόμενος.
995 2187 1090 2277 Ἀμό-

76 2306 149 2377 λιος
168 2295 206 2364 δὲ
223 2294 264 2365 τά
282 2299 344 2364 τοῦ
362 2301 538 2383 μειρακίου
551 2294 731 2383 ὑπολαβὼν
751 2299 931 2383 λεληθέναι
951 2297 1091 2385 δεύτερα

75 2403 157 2473 τάδε
180 2405 296 2471 ἐποίεε
327 2401 390 2490 τὴν
413 2404 585 2492 θυγατέρα
607 2407 669 2472 τοῦ
692 2405 883 2491 Νεμέτορος
902 2400 1020 2488 Ἰλίαν,
1045 2399 1089 2482 ῶς
1103 2425 1129 2464 ιο

77 2512 116 2581 δέ
135 2536 228 2590 τινες
249 2509 420 2598 γράφουσι
439 2507 536 2578 Ῥέαν
560 2509 684 2597 ὄνομα,
707 2515 873 2577 Σιλουίαν
902 2507 933 2577 δ’
959 2511 1090 2596 ἐπίκλη-

77 2637 147 2703 σιν,
171 2619 209 2685 έν
233 2614 320 2705 ἀκμῇ
343 2616 455 2703 γάμου
477 2619 665 2704 γενομένην
693 2617 819 2705 ίέρειαν
847 2613 1090 2685 ἀποδείκνυσιν

72 2722 216 2809 Ἑστίας,
246 2720 290 2803 ῶς
317 2720 362 2810 μη
389 2723 507 2810 τάχιον
536 2728 584 2803 είς
610 2721 736 2811 ἀνδρὸς
764 2725 913 2791 ἐλθοῦσα
938 2724 1015 2812 τέκη
1042 2751 1089 2792 τι-

77 2829 212 2920 μωροὺς
233 2833 279 2922 τῷ
303 2831 402 2915 γένει.
443 2830 703 2910 πενταετοῦςδὲ
731 2827 792 2898 οὐκ
816 2829 938 2899 ίλάττω
961 2831 1089 2919 χρόνον

76 2943 142 3007 ἔδει
160 2935 221 3017 τάς
241 2935 331 3025 ίερδις
348 2937 451 3026 κόρας
469 2935 574 3023 ἁγνὰς
593 2941 762 3025 διαμεῖναι
784 2934 913 3024 γάμων,
937 2931 990 3018 αἷς
1009 2935 1088 3006 ἀνα·
1103 2965 1129 3006 τε

1110 1841 1130 1905 3

1105 1928 1131 1968 15

145 3140 161 3188 2
181 3133 316 3202 νεμίτορα
333 3133 438 3202 passim
456 3132 502 3187 Ba
519 3131 658 3202 νεμὲτορα
676 3134 753 3188 ABb
824 3140 842 3188 4
859 3132 909 3189 καλ
926 3129 1000 3189 κατὰ
1019 3133 1066 3188 Bb
1083 3133 1086 3204 λ

74 3209 238 3260 τελευταῖον
257 3203 303 3258 Bb
384 3201 502 3270 6ἔρωτι
524 3205 574 3258 τοῦ
599 3200 636 3274 μὴ
661 3205 819 3275 Stephanus
903 3205 1090 3272 ίπανθῆυαι

75 3277 150 3331 ABb
203 3310 205 3314 -
225 3280 241 3329 8
260 3271 471 3346 <υί>γεστονΒ
490 3278 520 3330 et
537 3275 578 3329 sic
596 3293 706 3346 semper
778 3283 812 3330 14
831 3271 944 3345 ἐγένετο
963 3274 1088 3342 ΑΙπολ-

75 3351 132 3411 zoes
151 3346 202 3402 καλ
220 3347 243 3400 Β
262 3346 310 3400 καί
328 3363 357 3400 π.
376 3347 402 3400 R
455 3352 490 3400 20
509 3340 661 3401 ίλοόιανΒ
715 3352 748 3400 21
769 3345 879 3402 ίουλίαν
898 3345 923 3399 A
943 3344 1088 3398 ίλονίανΒ

76 3421 203 3474 τιλουίαν
227 3416 381 3471 Glareanus
463 3424 497 3472 23
521 3411 590 3472 ῶστε
615 3418 667 3472 ΑΒ
750 3424 785 3472 24
807 3415 1042 3487 τριακονταετοῦς
1064 3432 1088 3468 ο.

75 3488 240 3558 Glareanus,
260 3488 383 3558 Sylburg
