2454 3916
112 231 154 295 36
537 234 702 286 -Α-

110 390 344 478 κρατήσαντες,
368 389 481 469 πόλεις
498 416 533 459 τε
552 390 677 471 πολλάς
699 392 761 479 μὲν
784 392 1046 480 παραλαβόντες,
1064 393 1129 463 ’άλ-

110 507 171 578 λας
199 496 233 564 δ’
265 495 360 565 αὐτοὶ
387 497 712 584 κατασκευάσαντες,
736 500 884 586 μεγάλην
908 500 964 566 καλ
991 514 1129 586 ταχείαν

111 605 263 672 ἐπίδοσιν
293 609 415 690 ἔλαβον
443 609 491 684 είς
518 602 716 691 εὐανδρίαν
730 607 786 673 καλ
809 609 958 673 πλοῦτον
986 607 1043 673 καὶ
1065 605 1130 694 τήν

109 710 219 798 άλληυ
243 709 420 798 εὐτυχίαν,
448 702 488 798 ής
512 709 552 779 οὐ
580 708 688 779 πολὺν
713 709 844 779 ὤναντο
873 711 1016 797 χρόνον·
1048 711 1126 781 ἀλλ’

84 815 211 904 δήνίκα
234 817 377 905 μάλιστα
400 831 470 896 τοῖς
494 817 663 904 σύμπασιν
686 815 808 885 ἀνθεῖν
833 816 987 903 ἐδόκουν,
1011 814 1130 906 δαιμο·

107 930 198 1003 νίοις
218 926 286 992 τισὶ
300 923 414 1010 χόλοις
432 926 692 1010 ἐλαστρηθέντες
712 927 747 992 oc
762 923 824 1011 μὲν
846 921 914 991 ὑπὸ
928 927 997 991 τῶν
1019 931 1130 994 θείων

111 1033 330 1117 συμφορῶν,
347 1033 382 1097 οἱ
405 1030 441 1098 δὲ
464 1028 530 1098 ὑπὸ
553 1035 621 1098 τῶν
645 1029 920 1117 προσοικούντων
943 1031 1128 1119 βαρβάρων
1148 1051 1179 1101 60

110 1137 365 1224 ἐξεφθάρησαν,
394 1135 432 1205 τὸ
462 1136 499 1204 δὲ
530 1144 688 1204 πλείστου
719 1134 830 1204 αὐτῶν
860 1138 961 1223 μέρος
988 1142 1035 1217 είς
1064 1138 1128 1226 τήν

104 1240 249 1309 Ἑλλάδα
271 1243 327 1310 καὶ
351 1241 413 1329 τήν
435 1242 610 1329 βάρβαρον
632 1235 734 1322 αὖθις
757 1242 945 1327 ἐσκεδάσθη
970 1242 1059 1330 (περὶ
1077 1237 1127 1313 ὧν

70 1369 96 1408 10
110 1347 216 1428 πολὺς
238 1345 282 1417 ἀν
306 1359 358 1436 είη
381 1348 493 1436 λόγος,
517 1355 548 1417 εί
568 1354 757 1436 βουλοίμην
774 1346 836 1436 τήν
854 1345 1028 1435 ἀκρίβειαν
1046 1351 1128 1438 γρά-

109 1457 220 1544 φειν),
251 1455 368 1542 ὀλίγον
392 1456 430 1524 δὲ
452 1458 646 1543 κατέμεινεν
663 1458 707 1524 «ἐν
731 1454 854 1544 Ἰταλίᾳ
875 1458 944 1522 τῶν
963 1454 1128 1544 Ἀβοριγί-

69 1565 90 1627 2
109 1588 181 1630 νων
204 1569 358 1653 προνοίᾳ.
395 1567 530 1650 πρῶτον
554 1563 616 1650 μέν
641 1554 705 1631 οὖν
727 1566 786 1648 τής
809 1565 1032 1647 οἰκοφθορίας
1053 1578 1129 1644 ταῖς

108 1667 248 1737 πόλεσιν
278 1669 386 1738 ε’δόκει
415 1668 529 1760 αὐχμῷ
554 1667 574 1755 ή
599 1673 641 1756 γή
670 1678 862 1736 κακωθεῖσα
885 1666 998 1753 άρξαι,
1025 1665 1128 1755 ἡνίκα

109 1771 185 1841 οὔτ’
221 1775 273 1842 ἐπὶ
305 1789 376 1854 τοῖς
400 1777 555 1862 δένδρεσι
577 1773 704 1861 καρπὸς
736 1772 847 1853 οὐδεὶς
879 1771 1003 1860 ὡραῖος
1034 1777 1127 1861 γενέ-
1172 1785 1174 1791 ’

68 1900 94 1940 15
109 1888 193 1946 σθαι
226 1881 415 1967 διέμεινεν,
448 1878 527 1947 ἀλλ’
563 1877 648 1967 ἀμολ
678 1881 878 1966 κατέρρεον,
911 1875 990 1947 οὔθ’
1017 1877 1128 1950 ὁπόσα

108 1984 307 2072 σπερμάτων
335 1984 459 2054 ἀνέντα
490 1984 656 2072 βλαστοὺς
685 1983 869 2071 ἀνθήσειεν
894 1986 955 2064 ἕως
982 1986 1128 2074 στάχυος

107 2090 214 2178 ἀκμής
235 2091 314 2172 τοὺς
338 2089 420 2159 κατά
443 2091 552 2179 νόμον
577 2091 760 2179 ἐξεπλήρου
779 2090 935 2179 χρόνους,
959 2090 1036 2160 οὔτε
1058 2095 1127 2164 πόα

106 2197 264 2284 κτήνεσιν
297 2198 417 2285 ε’φόετο
452 2198 605 2286 διαρκής,
637 2202 706 2266 τῶν
734 2224 771 2265 τε
801 2197 960 2284 ναμάτων
991 2197 1033 2267 τὰ
1062 2202 1126 2287 μὲν

108 2303 218 2374 οὐκέτι
246 2311 406 2373 πίνεσθαι
429 2297 642 2373 σπουδαῖα
621 2332 682 2392 ην,
709 2303 750 2372 τά
779 2303 810 2371 δ’
835 2302 1045 2391 ὑπελίμπανε
1066 2311 1127 2378 θέ-

66 2400 271 2530 3ρους,
236 2410 334 2479 ταδ’
361 2417 408 2492 είς
430 2415 525 2492 τέλος
547 2409 784 2498 ἀπεσβέννυτο.
830 2408 961 2497 ἀδελφά
984 2413 1023 2480 δὲ
1048 2415 1127 2483 τού-

81 2492 177 2598 οτοις
204 2521 331 2604 ἐγίνετο
359 2525 438 2606 περί
460 2546 494 2587 τε
523 2518 702 2605 προβάτων
730 2517 785 2584 καὶ
808 2520 980 2603 γυναικῶν
1003 2520 1126 2646 γρνάς

105 2621 126 2710 ή
158 2624 222 2710 γάρ
256 2626 459 2710 ἐξημβλοῦτο
491 2623 531 2693 τά
566 2620 758 2712 ἔμβρυα,”
739 2623 865 2709 ηκατόι
896 2621 975 2704 τοὺς
1003 2625 1128 2708 τόκους

107 2735 319 2817 διεφθείρετο
344 2735 434 2797 ἐστιν
458 2726 479 2796 ά
502 2731 558 2797 καλ
580 2729 639 2810 τάς
658 2729 826 2816 φεροάσας
850 2726 1126 2819 δυνδιαλυμηυά-
1147 2760 1179 2810 ςι

180 2931 193 2978 1
214 2919 311 2985 πόλεις
328 2942 358 2978 τε
378 2923 539 2996 παρέλαβον
558 2920 644 2987 αλλας
662 2926 685 2978 Β
712 2921 810 2987 πόλεις
828 2944 857 2979 τε
878 2924 1054 2997 προςέλαβον
1077 2923 1128 2983 ἀλ-

107 2996 205 3081 λιιςΑ,
224 2997 404 3048 correxerunt
422 2996 578 3049 Ambrosch
597 2997 625 3050 et
643 2996 782 3050 Bticheler
835 3002 989 3082 λταγεῐαν
1007 2997 1059 3051 καλ
1077 3018 1126 3069 με·

108 3063 177 3152 γάλη
180 3066 237 3118 νΒ
309 3065 402 3119 6το3ν
425 3066 478 3121 del
499 3065 588 3121 Cobet
611 3067 718 3136 Obs.p
721 3071 782 3122 ,24
860 3072 894 3120 10
916 3062 990 3135 πρὸς
1012 3069 1060 3122 vel
1084 3069 1128 3133 είς

107 3158 140 3206 τη
144 3155 202 3191 νο
222 3136 332 3192 Ritsohl
423 3143 454 3191 11
476 3131 571 3205 ὀλίγον
600 3137 632 3192 δέ
660 3154 748 3206 usque
776 3136 812 3190 ad
839 3153 899 3223 pap
926 3143 960 3191 24
986 3137 1032 3192 fin
1057 3139 1127 3197 hine

107 3207 226 3298 eampsit
243 3207 380 3261 Eusebius
395 3224 489 3276 praep
491 3223 598 3294 evang
615 3207 663 3276 IV
675 3215 708 3263 16
765 3213 797 3262 13
817 3202 968 3294 αόχμῶυΑ
1024 3215 1059 3265 14
1074 3208 1127 3266 023-

108 3251 749 3348 δελςεωςτοό(ν91είςτὸ)ωρ,ο.Βεὶελιε
823 3283 856 3331 15
884 3274 951 3332 οὔτε
971 3280 996 3333 Α
1015 3277 1081 3336 οὔτ’
1102 3283 1127 3338 Β

107 3369 176 3406 corr
195 3350 359 3404 Ambrosch.
433 3356 465 3403 17
486 3300 660 3417 ἐξεπλήρουν
677 3351 730 3403 ΑΒ
749 3344 903 3416 ἐξεπλήρου
921 3349 1024 3407 Euseb.
1041 3353 1125 3410 οοδδ.

144 3427 177 3476 18
195 3419 327 3492 μενΒ
329 3417 360 3474 ἓν
379 3413 459 3482 ωςΑ
524 3426 556 3474 19
576 3414 882 3491 <τέέλ>οςΒθροςΒ
954 3425 988 3474 23
1008 3442 1062 3486 τας
1080 3445 1125 3480 τε

106 3488 212 3554 κοόσας
231 3491 311 3546 codd.
308 3441 414 3544 μοιιιλλὶ
433 3490 547 3545 Eusebii
566 3491 638 3558 quod
658 3491 760 3560 probat
779 3489 939 3558 Stephanus
