2454 3916
487 227 651 281 -Β-

46 387 193 475 υάμεως
225 384 317 474 εἶχον
349 383 541 475 ὑπηρετεῖν,
573 390 642 455 τῶν
674 386 711 454 δέ
743 392 926 476 πατρικίων
955 369 1075 474 ἥκιστα

46 495 282 580 βουλομένων
317 508 388 574 τοῖς
422 493 578 574 πελάταις
614 495 765 580 ἐνοχλεῖν
801 492 1007 581 χρηματικήν
1038 520 1074 562 τε
1118 574 1121 582 ¹

58 597 228 686 οὐδεμίαν
247 598 379 687 δωρεάν
391 602 636 688 προσιεμένων·
660 597 767 679 οὕτως
785 597 944 687 ἐγκρατὴς
963 596 981 669 ὁ
1001 605 1075 686 βίος

47 698 101 793 ἦν
139 703 255 786 αὐτοῖς
291 703 421 793 ἁπάσης
455 703 583 795 ἡδονῆς
614 707 669 774 καὶ
700 704 739 775 τὸ
772 711 938 794 μακαρίον
974 704 1074 795 άρετῇ

47 815 206 899 μετρῶν,
230 810 271 881 οὐ
293 812 385 902 τάχη.
1025 840 1040 863 ·
1101 836 1117 878 ι

84 929 108 955 ⁸
150 921 207 987 XI.
241 917 291 988 Οά
315 920 424 1007 μόνον
447 919 476 988 δ’
500 923 537 989 ἐν
556 919 640 1010 αὐτῇ
658 925 699 1010 τῇ
722 921 816 990 πόλει
835 918 872 988 τὸ
892 918 1075 1007 δημοτικὸν

50 1023 128 1094 ὑπὸ
152 1023 215 1112 την
238 1033 445 1115 προστασίαν
465 1039 533 1097 τῶν
551 1034 735 1113 πατρικίων
752 1021 812 1116 ἦν,
832 1026 986 1098 ἀλλὰκαὶ
1005 1031 1075 1095 τῶν

53 1129 214 1199 άποίκων
246 1130 349 1221 αὐτῆς
379 1132 511 1202 πόλεων
547 1135 603 1201 καὶ
632 1137 701 1203 τῶν
735 1136 788 1203 ἐπὶ
820 1139 990 1224 συμμαχίᾳ
1020 1133 1076 1201 καὶ

54 1243 168 1327 φιλίᾳ·
181 1243 448 1323 προσελθουσῶν
470 1240 526 1307 καὶ
553 1244 621 1308 τῶν
649 1243 685 1309 ἐκ
708 1242 857 1328 πολέμου
878 1242 1076 1329 κεκρατημέ-

52 1371 132 1413 νων
158 1343 277 1432 ἑκάστη
301 1345 453 1433 φάλακας
476 1343 542 1433 εἶχε
560 1347 616 1414 καὶ
635 1346 822 1432 προστάτας
841 1343 900 1427 οὓς
918 1347 1076 1434 ἐβούλετο
1090 1370 1118 1410 ιο

51 1448 243 1538 Ῥωμαίων.
277 1453 333 1520 καὶ
351 1451 510 1533 πολλάκις
528 1450 670 1540 ἡβουλὴ
688 1451 729 1520 τὰ
748 1455 783 1521 ἐκ
805 1453 935 1522 τούτων
954 1451 1076 1540 άμφισ-

58 1557 237 1645 βητήματα
266 1563 334 1628 τῶν
361 1557 493 1628 πόλεων
520 1560 576 1627 καὶ
605 1562 719 1629 ἐθνῶν
743 1561 796 1628 ἐπὶ
819 1559 898 1639 τοὺς
920 1577 1076 1648 προϊστα-

58 1664 187 1751 μένους
217 1662 330 1733 αάτῶν
363 1662 628 1750 ἀποστέλλουσα,
662 1664 703 1734 τά
730 1663 787 1734 ὑπ’
814 1669 951 1734 ἐκείνων
985 1669 1076 1733 δικα-

60 1771 190 1839 σθέντα
221 1770 321 1856 κύρια
353 1769 474 1859 ἡγεῖτο.
530 1769 617 1840 οὕτω
651 1771 687 1840 δε
720 1771 786 1861 άρα
817 1774 952 1859 βέβαιος
981 1764 1026 1860 ἦν
1053 1768 1119 1859 ἡ2

48 1872 234 1965 Ῥωμαίων
262 1874 405 1964 ὁμόνοια
436 1876 499 1965 τὴν
527 1876 633 1967 ἀρχὴν
661 1881 696 1947 ἐκ
718 1882 787 1948 τῶν
819 1877 884 1948 ὑπὸ
903 1877 1077 1966 Ῥωμύλου
1092 1911 1119 1952 ιι

61 1986 406 2053 κατασκευασθέντων
429 1989 581 2071 λαβοῦσα
604 1988 712 2072 ἐθῶν,
739 1983 822 2055 ῶστε
846 1984 1006 2055 οὐδέποτε
1031 1986 1075 2052 δι’

63 2095 204 2179 αἵματος
224 2091 280 2158 καὶ
304 2091 416 2179 φόνον
438 2096 500 2160 τοῦ
517 2089 588 2160 κατ’
611 2090 767 2179 ἀλλήλων
786 2091 959 2180 ἐχάρησαν
983 2089 1078 2171 ἐντὸς

64 2199 247 2280 ἑξακοσίων
274 2198 329 2265 καὶ
357 2198 537 2286 τριάκοντα
561 2200 660 2284 ἐτῶν,
687 2203 822 2267 πολλῶν
845 2200 901 2268 καὶ
924 2198 1078 2286 μεγάλων

63 2302 374 2393 ἀμφισβητημάτων
402 2308 596 2392 γενομένων
627 2310 673 2398 τῷ
703 2305 797 2397 δήμω
825 2303 908 2394 πρὸς
934 2303 1013 2384 τοὺς
1040 2306 1077 2371 ἐν

63 2413 149 2481 τέλει
177 2412 254 2499 περὶ
280 2415 348 2480 τῶν
375 2415 518 2498 κοινῶν,
542 2409 587 2492 ῶς
615 2414 653 2479 ἐν
681 2409 825 2491 άπάσαις
854 2418 947 2498 φιλεῖ
967 2415 1076 2496 γίγνε-
1092 2441 1118 2482 ω

65 2527 148 2586 σθαι
171 2531 304 2606 μικραῖς
325 2544 361 2586 τε
387 2519 443 2586 καὶ
467 2518 626 2606 μεγάλαις
647 2519 800 2587 πόλεσιν·
832 2515 917 2585 άλλά
939 2521 1077 2584 πείθου·
1097 2519 1119 2585 3

46 2637 121 2705 ὶτες
143 2625 200 2692 καὶ
220 2623 438 2704 διδάσκοντες
460 2623 629 2712 ἀλλήλους
645 2627 701 2694 καὶ
718 2622 759 2693 τά
778 2623 839 2711 μὲν
863 2631 1019 2709 εἴκοντες,
1036 2620 1078 2691 τὰ

68 2731 103 2800 δέ
120 2729 201 2820 παρ’
218 2731 379 2800 εἰκόντων
393 2732 633 2819 λαμβάνοντες,
647 2729 817 2811 πολιτικάς
831 2733 1007 2800 ἐποιοῦντο
1021 2727 1080 2810 τὰς

67 2843 131 2908 τῶν
157 2837 372 2926 ἐγκλημάτων
397 2838 575 2919 διαλύσεις.
622 2841 654 2920 ἐξ
679 2829 720 2907 οὗ
744 2837 781 2906 δέ
804 2836 906 2917 Γάιος
929 2836 1080 2925 Γράκχος

70 2946 119 3015 ἐπὶ
142 2949 202 3033 τῆς
226 2948 431 3033 δημαρχικῆς
449 2946 604 3026 ἐξουσίας
621 2944 803 3032 γενόμενος
823 2946 998 3032 διέφθειρε
1016 2943 1078 3032 τὴν
1092 2982 1121 3023 25

70 3056 126 3121 τοῦ
150 3051 392 3139 πολιτεύματος
419 3049 601 3139 ἁρμονίαν,
633 3049 744 3121 οὐκέτι
766 3053 952 3120 πέπαυνται
976 3050 1080 3138 σφάτ-

136 3289 153 3338 5
179 3277 316 3354 ἐμέτρουν
339 3280 429 3338 Cobet
450 3282 502 3338 1.l.
536 3283 644 3354 μετρῶν
666 3284 692 3337 R
723 3280 824 3353 μέτρον
847 3283 870 3336 Β
942 3286 969 3364 ’8
989 3321 1014 3335 ..
1029 3281 1080 3346 τῆς

69 3350 176 3410 πόλεων
199 3354 246 3408 Bb
336 3360 369 3408 13
394 3348 584 3408 άποστείλασα
608 3371 630 3408 ο.
650 3354 752 3409 Reiske
842 3359 876 3407 22
901 3348 1015 3410 ἑκοντες
1032 3349 1079 3404 Bb

68 3425 97 3478 ²3
118 3422 245 3482 ἑκόντων
266 3423 298 3493 Ο,
317 3442 386 3481 corr.
402 3424 503 3480 Reiske
520 3425 524 3493 λ
541 3421 657 3480 ἐποίουν
677 3442 700 3480 c.
720 3424 861 3494 Kiessling
886 3419 1035 3477 ἐποιοῦντο
1055 3419 1078 3475 Ο

65 3494 99 3552 24
118 3492 242 3568 νείατος
259 3496 285 3550 A
