<?xml version="1.0" encoding="UTF-8"?>
<!DOCTYPE html PUBLIC "-//W3C//DTD XHTML 1.0 Transitional//EN"
    "http://www.w3.org/TR/xhtml1/DTD/xhtml1-transitional.dtd">
<html xmlns="http://www.w3.org/1999/xhtml" xml:lang="en" lang="en">
 <head>
  <title>
</title>
<meta http-equiv="Content-Type" content="text/html;charset=utf-8" />
  <meta name='ocr-system' content='tesseract 3.04.00' />
  <meta name='ocr-capabilities' content='ocr_page ocr_carea ocr_par ocr_line ocrx_word'/>
</head>
<body>
  <div class='ocr_page' id='page_1' title='image "./dionysihalicarn01diongoog_0068.png"; bbox 0 0 2454 3916; ppageno 0'>
   <div class='ocr_carea' id='block_1_1' title="bbox 516 248 1107 314">
    <p class='ocr_par' dir='ltr' id='par_1_1' title="bbox 516 248 1107 314">
     <span class='ocr_line' id='line_1_1' title="bbox 516 248 1107 314; baseline -0.003 2"><span class='ocrx_word' id='word_1_1' title='bbox 516 248 682 300; x_wconf 78' lang='lat' dir='ltr'><strong><em>-A-</em></strong></span> <span class='ocrx_word' id='word_1_2' title='bbox 1064 249 1107 314; x_wconf 77' lang='grc' dir='ltr'><strong><em>οε</em></strong></span> 
     </span>
    </p>
   </div>
   <div class='ocr_carea' id='block_1_2' title="bbox 10 403 1148 3058">
    <p class='ocr_par' dir='ltr' id='par_1_2' title="bbox 10 403 1148 3058">
     <span class='ocr_line' id='line_1_2' title="bbox 95 403 1108 496; baseline 0.003 -22"><span class='ocrx_word' id='word_1_3' title='bbox 95 406 209 475; x_wconf 89' lang='grc' dir='ltr'><strong><em>κοινὸν</em></strong></span> <span class='ocrx_word' id='word_1_4' title='bbox 237 415 452 492; x_wconf 77' lang='grc' dir='ltr'><strong><em>καταθεῖναι,</em></strong></span> <span class='ocrx_word' id='word_1_5' title='bbox 478 407 534 474; x_wconf 81' lang='grc' dir='ltr'><strong><em>καὶ</em></strong></span> <span class='ocrx_word' id='word_1_6' title='bbox 558 403 614 474; x_wconf 86' lang='grc' dir='ltr'><strong><em>διά</em></strong></span> <span class='ocrx_word' id='word_1_7' title='bbox 641 411 745 476; x_wconf 81' lang='grc' dir='ltr'><strong><em>ταῦτα</em></strong></span> <span class='ocrx_word' id='word_1_8' title='bbox 771 412 897 495; x_wconf 76' lang='grc' dir='ltr'><strong><em>πολλῆς</em></strong></span> <span class='ocrx_word' id='word_1_9' title='bbox 924 411 1108 496; x_wconf 75' lang='grc' dir='ltr'><strong><em>ἐπιμελείας</em></strong></span> 
     </span>
     <span class='ocr_line' id='line_1_3' title="bbox 92 509 1147 605; baseline 0.006 -25"><span class='ocrx_word' id='word_1_10' title='bbox 92 512 272 600; x_wconf 76' lang='grc' dir='ltr'><em>τυγχάνειν</em></span> <span class='ocrx_word' id='word_1_11' title='bbox 299 512 383 601; x_wconf 84' lang='grc' dir='ltr'><strong><em>πρὸς</em></strong></span> <span class='ocrx_word' id='word_1_12' title='bbox 409 517 477 581; x_wconf 79' lang='grc' dir='ltr'><strong><em>τῶν</em></strong></span> <span class='ocrx_word' id='word_1_13' title='bbox 505 509 772 600; x_wconf 83' lang='grc' dir='ltr'><strong><em>ὑποδεξαμένων.</em></strong></span> <span class='ocrx_word' id='word_1_14' title='bbox 817 518 916 583; x_wconf 85' lang='grc' dir='ltr'><strong><em>τοῦτο</em></strong></span> <span class='ocrx_word' id='word_1_15' title='bbox 948 514 1147 605; x_wconf 75' lang='grc' dir='ltr'><strong><em>δεότερονὸ</em></strong></span> 
     </span>
     <span class='ocr_line' id='line_1_4' title="bbox 93 616 1108 707; baseline 0.004 -20"><span class='ocrx_word' id='word_1_16' title='bbox 93 624 195 700; x_wconf 88' lang='grc' dir='ltr'><strong><em>έθνος</em></strong></span> <span class='ocrx_word' id='word_1_17' title='bbox 226 617 425 707; x_wconf 84' lang='grc' dir='ltr'><strong><em>Ἑλληνικὸν</em></strong></span> <span class='ocrx_word' id='word_1_18' title='bbox 461 616 540 706; x_wconf 86' lang='grc' dir='ltr'><strong><em>μετά</em></strong></span> <span class='ocrx_word' id='word_1_19' title='bbox 577 617 775 705; x_wconf 83' lang='grc' dir='ltr'><strong><em>Πελασγοὺς</em></strong></span> <span class='ocrx_word' id='word_1_20' title='bbox 810 617 1019 707; x_wconf 82' lang='grc' dir='ltr'><strong><em>ἀφικόμενον</em></strong></span> <span class='ocrx_word' id='word_1_21' title='bbox 1060 627 1108 704; x_wconf 87' lang='grc' dir='ltr'><strong><em>είς</em></strong></span> 
     </span>
     <span class='ocr_line' id='line_1_5' title="bbox 90 722 1107 815; baseline 0.002 -22"><span class='ocrx_word' id='word_1_22' title='bbox 90 722 234 795; x_wconf 86' lang='grc' dir='ltr'><strong><em>Ἰταλίαν</em></strong></span> <span class='ocrx_word' id='word_1_23' title='bbox 252 725 373 814; x_wconf 80' lang='grc' dir='ltr'><strong><em>κοινὴν</em></strong></span> <span class='ocrx_word' id='word_1_24' title='bbox 387 731 461 812; x_wconf 83' lang='grc' dir='ltr'><strong><em>ἔσχε</em></strong></span> <span class='ocrx_word' id='word_1_25' title='bbox 479 722 560 812; x_wconf 86' lang='grc' dir='ltr'><strong><em>μετά</em></strong></span> <span class='ocrx_word' id='word_1_26' title='bbox 575 725 638 812; x_wconf 82' lang='grc' dir='ltr'><strong><em>την</em></strong></span> <span class='ocrx_word' id='word_1_27' title='bbox 654 729 764 815; x_wconf 78' lang='grc' dir='ltr'><strong><em>&lt;τῶν&gt;</em></strong></span> <span class='ocrx_word' id='word_1_28' title='bbox 777 723 997 812; x_wconf 76' lang='grc' dir='ltr'><strong><em>Ἀβοριγίνων</em></strong></span> <span class='ocrx_word' id='word_1_29' title='bbox 1018 736 1107 815; x_wconf 75' lang='grc' dir='ltr'><strong><em>οἴκη-</em></strong></span> 
     </span>
     <span class='ocr_line' id='line_1_6' title="bbox 92 829 1134 925; baseline -0.002 -27"><span class='ocrx_word' id='word_1_30' title='bbox 92 851 146 900; x_wconf 92' lang='grc' dir='ltr'><strong><em>σιν</em></strong></span> <span class='ocrx_word' id='word_1_31' title='bbox 166 833 204 900; x_wconf 82' lang='grc' dir='ltr'><strong><em>ἐν</em></strong></span> <span class='ocrx_word' id='word_1_32' title='bbox 228 837 274 925; x_wconf 75' lang='grc' dir='ltr'><strong><em>τῷ</em></strong></span> <span class='ocrx_word' id='word_1_33' title='bbox 297 838 460 921; x_wconf 78' lang='grc' dir='ltr'><strong><em>κρατίστῳ</em></strong></span> <span class='ocrx_word' id='word_1_34' title='bbox 483 835 543 918; x_wconf 81' lang='grc' dir='ltr'><strong><em>τῆς</em></strong></span> <span class='ocrx_word' id='word_1_35' title='bbox 560 829 689 919; x_wconf 85' lang='grc' dir='ltr'><strong><em>Ῥωμης</em></strong></span> <span class='ocrx_word' id='word_1_36' title='bbox 713 831 940 921; x_wconf 88' lang='grc' dir='ltr'><strong><em>ίδρυσάμευον</em></strong></span> <span class='ocrx_word' id='word_1_37' title='bbox 963 838 1084 925; x_wconf 86' lang='grc' dir='ltr'><strong><em>χωρίφ.</em></strong></span> <span class='ocrx_word' id='word_1_38' title='bbox 1121 855 1134 896; x_wconf 78' lang='grc' dir='ltr'><strong><em>ε</em></strong></span> 
     </span>
     <span class='ocr_line' id='line_1_7' title="bbox 180 935 1109 1025; baseline 0.003 -19"><span class='ocrx_word' id='word_1_39' title='bbox 180 941 349 1008; x_wconf 75' lang='lat' dir='ltr'>XXXIIH</span> <span class='ocrx_word' id='word_1_40' title='bbox 382 936 522 1023; x_wconf 87' lang='grc' dir='ltr'><strong><em>Ὀλίγαις</em></strong></span> <span class='ocrx_word' id='word_1_41' title='bbox 554 935 588 1003; x_wconf 88' lang='grc' dir='ltr'><strong><em>δ’</em></strong></span> <span class='ocrx_word' id='word_1_42' title='bbox 625 935 767 1025; x_wconf 80' lang='grc' dir='ltr'><strong><em>ὕστερον</em></strong></span> <span class='ocrx_word' id='word_1_43' title='bbox 799 944 885 1007; x_wconf 80' lang='grc' dir='ltr'><strong><em>ἔτεσι</em></strong></span> <span class='ocrx_word' id='word_1_44' title='bbox 922 936 1001 1024; x_wconf 81' lang='grc' dir='ltr'><strong><em>μετὰ</em></strong></span> <span class='ocrx_word' id='word_1_45' title='bbox 1030 939 1109 1020; x_wconf 82' lang='grc' dir='ltr'><strong><em>τοὺς</em></strong></span> 
     </span>
     <span class='ocr_line' id='line_1_8' title="bbox 88 1041 1107 1134; baseline 0.002 -22"><span class='ocrx_word' id='word_1_46' title='bbox 88 1042 250 1133; x_wconf 80' lang='grc' dir='ltr'><strong><em>Ἀρκάδας</em></strong></span> <span class='ocrx_word' id='word_1_47' title='bbox 278 1043 379 1124; x_wconf 84' lang='grc' dir='ltr'><strong><em>άλλος</em></strong></span> <span class='ocrx_word' id='word_1_48' title='bbox 402 1048 449 1124; x_wconf 85' lang='grc' dir='ltr'><strong><em>είς</em></strong></span> <span class='ocrx_word' id='word_1_49' title='bbox 468 1041 611 1112; x_wconf 86' lang='grc' dir='ltr'><strong><em>Ἰταλίαν</em></strong></span> <span class='ocrx_word' id='word_1_50' title='bbox 635 1042 824 1131; x_wconf 84' lang='grc' dir='ltr'><strong><em>άφικνεῖται</em></strong></span> <span class='ocrx_word' id='word_1_51' title='bbox 853 1045 972 1124; x_wconf 82' lang='grc' dir='ltr'><strong><em>στόλος</em></strong></span> <span class='ocrx_word' id='word_1_52' title='bbox 993 1043 1107 1134; x_wconf 84' lang='grc' dir='ltr'><strong><em>Ἑλλη-</em></strong></span> 
     </span>
     <span class='ocr_line' id='line_1_9' title="bbox 90 1146 1107 1240; baseline 0.001 -20"><span class='ocrx_word' id='word_1_53' title='bbox 90 1148 185 1231; x_wconf 87' lang='grc' dir='ltr'><strong><em>νικὸς</em></strong></span> <span class='ocrx_word' id='word_1_54' title='bbox 214 1149 357 1237; x_wconf 86' lang='grc' dir='ltr'><strong><em>άγουτος</em></strong></span> <span class='ocrx_word' id='word_1_55' title='bbox 381 1148 601 1238; x_wconf 75' lang='grc' dir='ltr'><strong><em>Ἡρακλέους,</em></strong></span> <span class='ocrx_word' id='word_1_56' title='bbox 632 1146 669 1230; x_wconf 82' lang='grc' dir='ltr'><strong><em>ὃς</em></strong></span> <span class='ocrx_word' id='word_1_57' title='bbox 689 1149 837 1238; x_wconf 82' lang='grc' dir='ltr'><strong><em>Ἰβηρίαν</em></strong></span> <span class='ocrx_word' id='word_1_58' title='bbox 867 1152 922 1219; x_wconf 77' lang='grc' dir='ltr'><strong><em>καὶ</em></strong></span> <span class='ocrx_word' id='word_1_59' title='bbox 949 1149 989 1220; x_wconf 82' lang='grc' dir='ltr'><strong><em>τά</em></strong></span> <span class='ocrx_word' id='word_1_60' title='bbox 1011 1155 1107 1240; x_wconf 90' lang='grc' dir='ltr'><strong><em>μέχρι</em></strong></span> 
     </span>
     <span class='ocr_line' id='line_1_10' title="bbox 91 1249 1107 1346; baseline 0.002 -22"><span class='ocrx_word' id='word_1_61' title='bbox 91 1261 232 1345; x_wconf 80' lang='grc' dir='ltr'><strong><em>δυσμῶν</em></strong></span> <span class='ocrx_word' id='word_1_62' title='bbox 255 1255 355 1344; x_wconf 80' lang='grc' dir='ltr'><strong><em>ἡλίου</em></strong></span> <span class='ocrx_word' id='word_1_63' title='bbox 377 1258 486 1326; x_wconf 89' lang='grc' dir='ltr'><strong><em>πάντα</em></strong></span> <span class='ocrx_word' id='word_1_64' title='bbox 500 1256 746 1346; x_wconf 79' lang='grc' dir='ltr'><strong><em>χειρωσάμενος</em></strong></span> <span class='ocrx_word' id='word_1_65' title='bbox 769 1249 860 1345; x_wconf 81' lang='grc' dir='ltr'><strong><em>ἧκεν.</em></strong></span> <span class='ocrx_word' id='word_1_66' title='bbox 890 1260 923 1340; x_wconf 81' lang='grc' dir='ltr'><strong><em>ἐξ</em></strong></span> <span class='ocrx_word' id='word_1_67' title='bbox 948 1249 996 1326; x_wconf 78' lang='grc' dir='ltr'><strong><em>ὦν</em></strong></span> <span class='ocrx_word' id='word_1_68' title='bbox 1018 1285 1107 1340; x_wconf 90' lang='grc' dir='ltr'><strong><em>τινες</em></strong></span> 
     </span>
     <span class='ocr_line' id='line_1_11' title="bbox 85 1360 1148 1452; baseline 0.001 -21"><span class='ocrx_word' id='word_1_69' title='bbox 85 1360 250 1452; x_wconf 81' lang='grc' dir='ltr'><strong><em>Ἡρακλέα</em></strong></span> <span class='ocrx_word' id='word_1_70' title='bbox 277 1361 564 1452; x_wconf 78' lang='grc' dir='ltr'><strong><em>παραιτησάμενοι</em></strong></span> <span class='ocrx_word' id='word_1_71' title='bbox 591 1367 650 1450; x_wconf 81' lang='grc' dir='ltr'><strong><em>της</em></strong></span> <span class='ocrx_word' id='word_1_72' title='bbox 676 1368 901 1452; x_wconf 80' lang='grc' dir='ltr'><strong><em>πραγματείας</em></strong></span> <span class='ocrx_word' id='word_1_73' title='bbox 923 1361 1107 1451; x_wconf 78' lang='grc' dir='ltr'><strong><em>ἀφεθῆναι,</em></strong></span> <span class='ocrx_word' id='word_1_74' title='bbox 1122 1387 1148 1426; x_wconf 86' lang='lat'><strong><em>10</em></strong></span> 
     </span>
     <span class='ocr_line' id='line_1_12' title="bbox 89 1467 1108 1558; baseline 0.001 -20"><span class='ocrx_word' id='word_1_75' title='bbox 89 1471 166 1558; x_wconf 81' lang='grc' dir='ltr'><strong><em>περὶ</em></strong></span> <span class='ocrx_word' id='word_1_76' title='bbox 188 1473 294 1538; x_wconf 80' lang='grc' dir='ltr'><strong><em>ταῦτα</em></strong></span> <span class='ocrx_word' id='word_1_77' title='bbox 316 1468 357 1537; x_wconf 84' lang='grc' dir='ltr'><strong><em>τά</em></strong></span> <span class='ocrx_word' id='word_1_78' title='bbox 380 1475 485 1557; x_wconf 82' lang='grc' dir='ltr'><strong><em>χωρία</em></strong></span> <span class='ocrx_word' id='word_1_79' title='bbox 508 1467 691 1557; x_wconf 84' lang='grc' dir='ltr'><strong><em>ὑπέμειναν</em></strong></span> <span class='ocrx_word' id='word_1_80' title='bbox 714 1471 770 1538; x_wconf 81' lang='grc' dir='ltr'><strong><em>καὶ</em></strong></span> <span class='ocrx_word' id='word_1_81' title='bbox 782 1475 975 1551; x_wconf 79' lang='grc' dir='ltr'><strong><em>πολίζονται</em></strong></span> <span class='ocrx_word' id='word_1_82' title='bbox 998 1470 1108 1558; x_wconf 81' lang='grc' dir='ltr'><strong><em>λόφον</em></strong></span> 
     </span>
     <span class='ocr_line' id='line_1_13' title="bbox 90 1573 1107 1668; baseline 0.001 -23"><span class='ocrx_word' id='word_1_83' title='bbox 90 1575 281 1663; x_wconf 79' lang='grc' dir='ltr'><strong><em>ἐπιτήδειον</em></strong></span> <span class='ocrx_word' id='word_1_84' title='bbox 304 1573 472 1665; x_wconf 78' lang='grc' dir='ltr'><strong><em>εὑρόντες,</em></strong></span> <span class='ocrx_word' id='word_1_85' title='bbox 496 1580 675 1668; x_wconf 74' lang='grc' dir='ltr'><strong><em>τρισταδίῳ</em></strong></span> <span class='ocrx_word' id='word_1_86' title='bbox 702 1575 739 1644; x_wconf 72' lang='grc' dir='ltr'><strong><em>δὲ</em></strong></span> <span class='ocrx_word' id='word_1_87' title='bbox 761 1575 903 1663; x_wconf 90' lang='grc' dir='ltr'><strong><em>μάλιστα</em></strong></span> <span class='ocrx_word' id='word_1_88' title='bbox 926 1575 1023 1662; x_wconf 80' lang='grc' dir='ltr'><strong><em>μήκει</em></strong></span> <span class='ocrx_word' id='word_1_89' title='bbox 1045 1580 1107 1648; x_wconf 83' lang='grc' dir='ltr'><strong><em>τοῦ</em></strong></span> 
     </span>
     <span class='ocr_line' id='line_1_14' title="bbox 90 1679 1109 1771; baseline 0.002 -21"><span class='ocrx_word' id='word_1_90' title='bbox 90 1687 308 1751; x_wconf 87' lang='grc' dir='ltr'><strong><em>Παλλαντίου</em></strong></span> <span class='ocrx_word' id='word_1_91' title='bbox 336 1681 592 1771; x_wconf 76' lang='grc' dir='ltr'><strong><em>διειργόμενον,</em></strong></span> <span class='ocrx_word' id='word_1_92' title='bbox 626 1679 664 1764; x_wconf 84' lang='grc' dir='ltr'><strong><em>δς</em></strong></span> <span class='ocrx_word' id='word_1_93' title='bbox 691 1687 757 1752; x_wconf 79' lang='grc' dir='ltr'><strong><em>νῦν</em></strong></span> <span class='ocrx_word' id='word_1_94' title='bbox 784 1681 846 1770; x_wconf 74' lang='grc' dir='ltr'><strong><em>μὲν</em></strong></span> <span class='ocrx_word' id='word_1_95' title='bbox 873 1689 1109 1766; x_wconf 80' lang='grc' dir='ltr'><strong><em>Καπιτωλῖνος</em></strong></span> 
     </span>
     <span class='ocr_line' id='line_1_15' title="bbox 91 1785 1107 1879; baseline -0.001 -20"><span class='ocrx_word' id='word_1_96' title='bbox 91 1786 305 1876; x_wconf 82' lang='grc' dir='ltr'><strong><em>ὀνομάζεται,</em></strong></span> <span class='ocrx_word' id='word_1_97' title='bbox 331 1785 398 1856; x_wconf 80' lang='grc' dir='ltr'><strong><em>ὑπὸ</em></strong></span> <span class='ocrx_word' id='word_1_98' title='bbox 431 1787 468 1856; x_wconf 72' lang='grc' dir='ltr'><strong><em>δέ</em></strong></span> <span class='ocrx_word' id='word_1_99' title='bbox 491 1793 560 1857; x_wconf 77' lang='grc' dir='ltr'><strong><em>τῶν</em></strong></span> <span class='ocrx_word' id='word_1_100' title='bbox 592 1789 667 1857; x_wconf 89' lang='grc' dir='ltr'><strong><em>τότε</em></strong></span> <span class='ocrx_word' id='word_1_101' title='bbox 695 1787 889 1879; x_wconf 79' lang='grc' dir='ltr'><strong><em>ἀνθρώπων</em></strong></span> <span class='ocrx_word' id='word_1_102' title='bbox 919 1790 1107 1879; x_wconf 89' lang='grc' dir='ltr'><strong><em>Σατόρνιος</em></strong></span> 
     </span>
     <span class='ocr_line' id='line_1_16' title="bbox 90 1891 1147 1984; baseline -0.008 -19"><span class='ocrx_word' id='word_1_103' title='bbox 90 1897 241 1982; x_wconf 79' lang='grc' dir='ltr'><strong><em>ἐλέγετο,</em></strong></span> <span class='ocrx_word' id='word_1_104' title='bbox 269 1893 378 1983; x_wconf 74' lang='grc' dir='ltr'><strong><em>ὥσπερ</em></strong></span> <span class='ocrx_word' id='word_1_105' title='bbox 402 1891 447 1963; x_wconf 85' lang='grc' dir='ltr'><strong><em>άν</em></strong></span> <span class='ocrx_word' id='word_1_106' title='bbox 476 1904 563 1964; x_wconf 84' lang='grc' dir='ltr'><strong><em>είποι</em></strong></span> <span class='ocrx_word' id='word_1_107' title='bbox 589 1923 640 1975; x_wconf 93' lang='grc' dir='ltr'><strong><em>τις</em></strong></span> <span class='ocrx_word' id='word_1_108' title='bbox 657 1894 793 1965; x_wconf 80' lang='grc' dir='ltr'><strong><em>Ἑλλάδι</em></strong></span> <span class='ocrx_word' id='word_1_109' title='bbox 821 1900 919 1984; x_wconf 79' lang='grc' dir='ltr'><strong><em>φωνῇ</em></strong></span> <span class='ocrx_word' id='word_1_110' title='bbox 947 1896 1105 1983; x_wconf 90' lang='grc' dir='ltr'><strong><em>Κρόνιος.</em></strong></span> <span class='ocrx_word' id='word_1_111' title='bbox 1121 1917 1147 1958; x_wconf 80' lang='lat'><strong><em>15</em></strong></span> 
     </span>
     <span class='ocr_line' id='line_1_17' title="bbox 88 1995 1146 2090; baseline 0.001 -19"><span class='ocrx_word' id='word_1_112' title='bbox 88 2007 158 2071; x_wconf 81' lang='grc' dir='ltr'><strong><em>τῶν</em></strong></span> <span class='ocrx_word' id='word_1_113' title='bbox 192 2002 229 2070; x_wconf 72' lang='grc' dir='ltr'><strong><em>δὲ</em></strong></span> <span class='ocrx_word' id='word_1_114' title='bbox 260 1999 539 2089; x_wconf 78' lang='grc' dir='ltr'><strong><em>ὑπολειφθέντων</em></strong></span> <span class='ocrx_word' id='word_1_115' title='bbox 573 2005 608 2070; x_wconf 76' lang='lat' dir='ltr'><strong><em>oc</em></strong></span> <span class='ocrx_word' id='word_1_116' title='bbox 632 2001 694 2090; x_wconf 74' lang='grc' dir='ltr'><strong><em>μέν</em></strong></span> <span class='ocrx_word' id='word_1_117' title='bbox 721 2009 858 2082; x_wconf 88' lang='grc' dir='ltr'><strong><em>πλείους</em></strong></span> <span class='ocrx_word' id='word_1_118' title='bbox 885 1995 973 2090; x_wconf 79' lang='grc' dir='ltr'><strong><em>ἦσαν</em></strong></span> <span class='ocrx_word' id='word_1_119' title='bbox 1000 2007 1146 2072; x_wconf 55' lang='lat' dir='ltr'><strong>Heio-2</strong></span> 
     </span>
     <span class='ocr_line' id='line_1_18' title="bbox 89 2104 1107 2197; baseline 0 -20"><span class='ocrx_word' id='word_1_120' title='bbox 89 2111 281 2197; x_wconf 84' lang='grc' dir='ltr'><strong><em>ποννήσιοι,</em></strong></span> <span class='ocrx_word' id='word_1_121' title='bbox 307 2112 473 2176; x_wconf 82' lang='grc' dir='ltr'><strong><em>Φενεᾶταί</em></strong></span> <span class='ocrx_word' id='word_1_122' title='bbox 487 2134 521 2176; x_wconf 90' lang='grc' dir='ltr'><strong><em>τε</em></strong></span> <span class='ocrx_word' id='word_1_123' title='bbox 540 2108 596 2175; x_wconf 81' lang='grc' dir='ltr'><strong><em>καὶ</em></strong></span> <span class='ocrx_word' id='word_1_124' title='bbox 616 2106 739 2178; x_wconf 81' lang='grc' dir='ltr'><strong><em>Ἐπειοὶ</em></strong></span> <span class='ocrx_word' id='word_1_125' title='bbox 755 2113 816 2195; x_wconf 81' lang='grc' dir='ltr'><strong><em>[ολ]</em></strong></span> <span class='ocrx_word' id='word_1_126' title='bbox 833 2111 867 2191; x_wconf 80' lang='grc' dir='ltr'><strong><em>ἐξ</em></strong></span> <span class='ocrx_word' id='word_1_127' title='bbox 880 2109 1032 2196; x_wconf 88' lang='grc' dir='ltr'><strong><em>Ἤλιδος,</em></strong></span> <span class='ocrx_word' id='word_1_128' title='bbox 1057 2104 1107 2190; x_wconf 81' lang='grc' dir='ltr'><strong><em>οἷς</em></strong></span> 
     </span>
     <span class='ocr_line' id='line_1_19' title="bbox 91 2205 1107 2305; baseline 0.001 -22"><span class='ocrx_word' id='word_1_129' title='bbox 91 2214 202 2284; x_wconf 80' lang='grc' dir='ltr'><strong><em>οὐκέτι</em></strong></span> <span class='ocrx_word' id='word_1_130' title='bbox 229 2215 339 2293; x_wconf 90' lang='grc' dir='ltr'><strong><em>πόθος</em></strong></span> <span class='ocrx_word' id='word_1_131' title='bbox 365 2205 409 2301; x_wconf 77' lang='grc' dir='ltr'><strong><em>ἦν</em></strong></span> <span class='ocrx_word' id='word_1_132' title='bbox 438 2217 496 2300; x_wconf 83' lang='grc' dir='ltr'><strong><em>της</em></strong></span> <span class='ocrx_word' id='word_1_133' title='bbox 525 2217 639 2281; x_wconf 76' lang='grc' dir='ltr'><strong><em>οἴκαδε</em></strong></span> <span class='ocrx_word' id='word_1_134' title='bbox 672 2214 756 2283; x_wconf 80' lang='grc' dir='ltr'><strong><em>ὁδοῦ</em></strong></span> <span class='ocrx_word' id='word_1_135' title='bbox 790 2216 1107 2305; x_wconf 79' lang='grc' dir='ltr'><strong><em>διαπεπορθημένης</em></strong></span> 
     </span>
     <span class='ocr_line' id='line_1_20' title="bbox 10 2319 1106 2412; baseline -0.001 -23"><span class='ocrx_word' id='word_1_136' title='bbox 10 2320 212 2401; x_wconf 70' lang='grc' dir='ltr'><strong><em>ΒἰΙαάτοῖς</em></strong></span> <span class='ocrx_word' id='word_1_137' title='bbox 242 2324 302 2407; x_wconf 79' lang='grc' dir='ltr'><strong><em>τῆς</em></strong></span> <span class='ocrx_word' id='word_1_138' title='bbox 323 2322 484 2406; x_wconf 90' lang='grc' dir='ltr'><strong><em>πατρίδος</em></strong></span> <span class='ocrx_word' id='word_1_139' title='bbox 511 2322 547 2387; x_wconf 81' lang='grc' dir='ltr'><strong><em>ἐν</em></strong></span> <span class='ocrx_word' id='word_1_140' title='bbox 579 2323 626 2412; x_wconf 75' lang='grc' dir='ltr'><strong><em>τῷ</em></strong></span> <span class='ocrx_word' id='word_1_141' title='bbox 657 2319 742 2410; x_wconf 91' lang='grc' dir='ltr'><strong><em>πρὸς</em></strong></span> <span class='ocrx_word' id='word_1_142' title='bbox 766 2319 929 2411; x_wconf 87' lang='grc' dir='ltr'><strong><em>Ἡρακλέα</em></strong></span> <span class='ocrx_word' id='word_1_143' title='bbox 961 2323 1106 2412; x_wconf 75' lang='grc' dir='ltr'><strong><em>πολέμῳ,</em></strong></span> 
     </span>
     <span class='ocr_line' id='line_1_21' title="bbox 89 2424 1147 2516; baseline -0.002 -20"><span class='ocrx_word' id='word_1_144' title='bbox 89 2429 243 2516; x_wconf 77' lang='grc' dir='ltr'><strong><em>ἐμέμικτο</em></strong></span> <span class='ocrx_word' id='word_1_145' title='bbox 272 2427 312 2494; x_wconf 90' lang='grc' dir='ltr'><strong><em>δέ</em></strong></span> <span class='ocrx_word' id='word_1_146' title='bbox 336 2453 368 2494; x_wconf 90' lang='grc' dir='ltr'><strong><em>τι</em></strong></span> <span class='ocrx_word' id='word_1_147' title='bbox 395 2426 451 2494; x_wconf 81' lang='grc' dir='ltr'><strong><em>καὶ</em></strong></span> <span class='ocrx_word' id='word_1_148' title='bbox 477 2424 628 2514; x_wconf 87' lang='grc' dir='ltr'><strong><em>Τρωικὸν</em></strong></span> <span class='ocrx_word' id='word_1_149' title='bbox 656 2426 771 2507; x_wconf 82' lang='grc' dir='ltr'><strong><em>αὐτοῖς</em></strong></span> <span class='ocrx_word' id='word_1_150' title='bbox 797 2431 865 2496; x_wconf 79' lang='grc' dir='ltr'><strong><em>τῶν</em></strong></span> <span class='ocrx_word' id='word_1_151' title='bbox 894 2428 947 2496; x_wconf 76' lang='grc' dir='ltr'><strong><em>ἐπὶ</em></strong></span> <span class='ocrx_word' id='word_1_152' title='bbox 977 2427 1105 2514; x_wconf 84' lang='grc' dir='ltr'><strong><em>Λαομέ-</em></strong></span> <span class='ocrx_word' id='word_1_153' title='bbox 1120 2449 1147 2490; x_wconf 81' lang='lat'><strong><em>20</em></strong></span> 
     </span>
     <span class='ocr_line' id='line_1_22' title="bbox 90 2530 1105 2621; baseline 0 -19"><span class='ocrx_word' id='word_1_154' title='bbox 90 2538 211 2614; x_wconf 89' lang='grc' dir='ltr'><strong><em>δοντος</em></strong></span> <span class='ocrx_word' id='word_1_155' title='bbox 234 2531 452 2620; x_wconf 86' lang='grc' dir='ltr'><strong><em>αίχμαλωτων</em></strong></span> <span class='ocrx_word' id='word_1_156' title='bbox 482 2535 515 2614; x_wconf 83' lang='grc' dir='ltr'><strong><em>έξ</em></strong></span> <span class='ocrx_word' id='word_1_157' title='bbox 540 2530 643 2601; x_wconf 89' lang='grc' dir='ltr'><strong><em>Ἰλίου</em></strong></span> <span class='ocrx_word' id='word_1_158' title='bbox 665 2535 859 2621; x_wconf 86' lang='grc' dir='ltr'><strong><em>γενομένων</em></strong></span> <span class='ocrx_word' id='word_1_159' title='bbox 883 2532 938 2603; x_wconf 83' lang='grc' dir='ltr'><strong><em>ὅτε</em></strong></span> <span class='ocrx_word' id='word_1_160' title='bbox 961 2538 1019 2620; x_wconf 78' lang='grc' dir='ltr'><strong><em>τῆς</em></strong></span> <span class='ocrx_word' id='word_1_161' title='bbox 1045 2532 1105 2602; x_wconf 89' lang='grc' dir='ltr'><strong><em>πό-</em></strong></span> 
     </span>
     <span class='ocr_line' id='line_1_23' title="bbox 93 2639 1105 2729; baseline -0.002 -18"><span class='ocrx_word' id='word_1_162' title='bbox 93 2649 174 2722; x_wconf 89' lang='grc' dir='ltr'><strong><em>λεως</em></strong></span> <span class='ocrx_word' id='word_1_163' title='bbox 192 2639 358 2729; x_wconf 79' lang='grc' dir='ltr'><strong><em>Ἡρακλῆς</em></strong></span> <span class='ocrx_word' id='word_1_164' title='bbox 381 2639 550 2726; x_wconf 81' lang='grc' dir='ltr'><strong><em>ἐκράτησε.</em></strong></span> <span class='ocrx_word' id='word_1_165' title='bbox 580 2642 675 2707; x_wconf 84' lang='grc' dir='ltr'><strong><em>δοκεῖ</em></strong></span> <span class='ocrx_word' id='word_1_166' title='bbox 697 2642 737 2707; x_wconf 89' lang='grc' dir='ltr'><strong><em>δέ</em></strong></span> <span class='ocrx_word' id='word_1_167' title='bbox 756 2668 813 2728; x_wconf 91' lang='grc' dir='ltr'><strong><em>μοι</em></strong></span> <span class='ocrx_word' id='word_1_168' title='bbox 837 2640 892 2708; x_wconf 81' lang='grc' dir='ltr'><strong><em>καί</em></strong></span> <span class='ocrx_word' id='word_1_169' title='bbox 915 2644 976 2710; x_wconf 82' lang='grc' dir='ltr'><strong><em>τοῦ</em></strong></span> <span class='ocrx_word' id='word_1_170' title='bbox 999 2639 1105 2709; x_wconf 80' lang='grc' dir='ltr'><strong><em>ἄλλον</em></strong></span> 
     </span>
     <span class='ocr_line' id='line_1_24' title="bbox 91 2742 1105 2838; baseline 0 -22"><span class='ocrx_word' id='word_1_171' title='bbox 91 2750 235 2838; x_wconf 80' lang='grc' dir='ltr'><strong><em>στρατοῦ</em></strong></span> <span class='ocrx_word' id='word_1_172' title='bbox 257 2750 336 2833; x_wconf 83' lang='grc' dir='ltr'><strong><em>πᾶν,</em></strong></span> <span class='ocrx_word' id='word_1_173' title='bbox 360 2755 393 2815; x_wconf 86' lang='grc' dir='ltr'><strong><em>εί</em></strong></span> <span class='ocrx_word' id='word_1_174' title='bbox 402 2774 435 2815; x_wconf 92' lang='grc' dir='ltr'><strong><em>τι</em></strong></span> <span class='ocrx_word' id='word_1_175' title='bbox 453 2743 647 2834; x_wconf 89' lang='grc' dir='ltr'><strong><em>καματηρὸν</em></strong></span> <span class='ocrx_word' id='word_1_176' title='bbox 670 2742 690 2832; x_wconf 79' lang='grc' dir='ltr'>ἢ</span> <span class='ocrx_word' id='word_1_177' title='bbox 714 2751 754 2836; x_wconf 77' lang='grc' dir='ltr'><strong><em>τῇ</em></strong></span> <span class='ocrx_word' id='word_1_178' title='bbox 777 2746 887 2836; x_wconf 86' lang='grc' dir='ltr'><strong><em>πλάνη</em></strong></span> <span class='ocrx_word' id='word_1_179' title='bbox 911 2746 1105 2836; x_wconf 81' lang='grc' dir='ltr'><strong><em>ἀχθόμενον</em></strong></span> 
     </span>
     <span class='ocr_line' id='line_1_25' title="bbox 92 2847 1103 2947; baseline -0.002 -23"><span class='ocrx_word' id='word_1_180' title='bbox 92 2847 148 2942; x_wconf 83' lang='grc' dir='ltr'><strong><em>ἦν,</em></strong></span> <span class='ocrx_word' id='word_1_181' title='bbox 176 2853 300 2940; x_wconf 75' lang='grc' dir='ltr'><strong><em>ἄφεσιν</em></strong></span> <span class='ocrx_word' id='word_1_182' title='bbox 328 2857 387 2941; x_wconf 79' lang='grc' dir='ltr'><strong><em>τῆς</em></strong></span> <span class='ocrx_word' id='word_1_183' title='bbox 410 2859 582 2941; x_wconf 88' lang='grc' dir='ltr'><strong><em>στρατείας</em></strong></span> <span class='ocrx_word' id='word_1_184' title='bbox 604 2852 830 2941; x_wconf 77' lang='grc' dir='ltr'><strong><em>αἰτησάμενον</em></strong></span> <span class='ocrx_word' id='word_1_185' title='bbox 859 2856 895 2922; x_wconf 84' lang='grc' dir='ltr'><strong><em>έν</em></strong></span> <span class='ocrx_word' id='word_1_186' title='bbox 919 2859 963 2947; x_wconf 76' lang='grc' dir='ltr'><strong><em>τῷ</em></strong></span> <span class='ocrx_word' id='word_1_187' title='bbox 993 2861 1103 2946; x_wconf 86' lang='grc' dir='ltr'><strong><em>χωρίφ</em></strong></span> 
     </span>
     <span class='ocr_line' id='line_1_26' title="bbox 91 2929 1147 3058; baseline -0.001 -28"><span class='ocrx_word' id='word_1_188' title='bbox 91 2965 175 3055; x_wconf 76' lang='grc' dir='ltr'><strong><em>τῷδε</em></strong></span> <span class='ocrx_word' id='word_1_189' title='bbox 207 2957 395 3046; x_wconf 82' lang='grc' dir='ltr'><strong><em>ὑπομεῖναι.</em></strong></span> <span class='ocrx_word' id='word_1_190' title='bbox 441 2958 478 3028; x_wconf 89' lang='grc' dir='ltr'><strong><em>τὸ</em></strong></span> <span class='ocrx_word' id='word_1_191' title='bbox 508 2959 545 3028; x_wconf 70' lang='grc' dir='ltr'><strong><em>δὲ</em></strong></span> <span class='ocrx_word' id='word_1_192' title='bbox 577 2958 685 3046; x_wconf 76' lang='grc' dir='ltr'><strong><em>ὄνομα</em></strong></span> <span class='ocrx_word' id='word_1_193' title='bbox 718 2965 763 3052; x_wconf 79' lang='grc' dir='ltr'><strong><em>τῷ</em></strong></span> <span class='ocrx_word' id='word_1_194' title='bbox 795 2959 890 3053; x_wconf 84' lang='grc' dir='ltr'><strong><em>λόφφ</em></strong></span> <span class='ocrx_word' id='word_1_195' title='bbox 922 2961 1011 3040; x_wconf 73' lang='grc' dir='ltr'><strong><em>τινές</em></strong></span> <span class='ocrx_word' id='word_1_196' title='bbox 1042 2959 1103 3048; x_wconf 73' lang='grc' dir='ltr'><strong><em>μὲν</em></strong></span> <span class='ocrx_word' id='word_1_197' title='bbox 1117 2929 1147 3058; x_wconf 58' lang='lat'><strong><em>2⁸⁹}</em></strong></span> 
     </span>
    </p>
   </div>
   <div class='ocr_carea' id='block_1_3' title="bbox 86 3148 1104 3579">
    <p class='ocr_par' dir='ltr' id='par_1_3' title="bbox 86 3148 1104 3579">
     <span class='ocr_line' id='line_1_27' title="bbox 159 3148 1104 3226; baseline -0.002 -16"><span class='ocrx_word' id='word_1_198' title='bbox 159 3162 173 3210; x_wconf 94' lang='lat' dir='ltr'>l</span> <span class='ocrx_word' id='word_1_199' title='bbox 205 3149 247 3209; x_wconf 85' lang='grc' dir='ltr'><strong><em>δι’</em></strong></span> <span class='ocrx_word' id='word_1_200' title='bbox 267 3148 341 3208; x_wconf 83' lang='grc' dir='ltr'><strong><em>αότά</em></strong></span> <span class='ocrx_word' id='word_1_201' title='bbox 365 3155 417 3208; x_wconf 84' lang='grc' dir='ltr'><strong><em>ΑΒ</em></strong></span> <span class='ocrx_word' id='word_1_202' title='bbox 490 3161 505 3208; x_wconf 78' lang='lat'><strong>2</strong></span> <span class='ocrx_word' id='word_1_203' title='bbox 531 3150 584 3224; x_wconf 86' lang='grc' dir='ltr'><strong><em>πρό</em></strong></span> <span class='ocrx_word' id='word_1_204' title='bbox 608 3155 665 3209; x_wconf 75' lang='grc' dir='ltr'><strong><em>τῶν</em></strong></span> <span class='ocrx_word' id='word_1_205' title='bbox 687 3155 733 3210; x_wconf 79' lang='lat' dir='ltr'><strong><em>Ba</em></strong></span> <span class='ocrx_word' id='word_1_206' title='bbox 809 3151 939 3226; x_wconf 85' lang='grc' dir='ltr'><strong><em>4*μετά</em></strong></span> <span class='ocrx_word' id='word_1_207' title='bbox 959 3153 1011 3224; x_wconf 84' lang='grc' dir='ltr'><strong><em>τὴν</em></strong></span> <span class='ocrx_word' id='word_1_208' title='bbox 1029 3156 1104 3210; x_wconf 79' lang='grc' dir='ltr'><strong><em>ΑΒο</em></strong></span> 
     </span>
     <span class='ocr_line' id='line_1_28' title="bbox 91 3217 1102 3298; baseline 0 -20"><span class='ocrx_word' id='word_1_209' title='bbox 91 3230 103 3278; x_wconf 83' lang='grc'>9</span> <span class='ocrx_word' id='word_1_210' title='bbox 126 3218 199 3296; x_wconf 82' lang='grc' dir='ltr'><strong><em>ἧκεν</em></strong></span> <span class='ocrx_word' id='word_1_211' title='bbox 227 3224 371 3294; x_wconf 78' lang='lat' dir='ltr'><strong>Kiessling</strong></span> <span class='ocrx_word' id='word_1_212' title='bbox 398 3217 435 3294; x_wconf 83' lang='grc' dir='ltr'><strong><em>ἦν</em></strong></span> <span class='ocrx_word' id='word_1_213' title='bbox 464 3224 486 3280; x_wconf 91' lang='grc'>0</span> <span class='ocrx_word' id='word_1_214' title='bbox 519 3221 723 3296; x_wconf 83' lang='grc' dir='ltr'><strong><em>χειρωσόμενος</em></strong></span> <span class='ocrx_word' id='word_1_215' title='bbox 750 3221 797 3298; x_wconf 79' lang='grc' dir='ltr'><strong><em>ᾔει</em></strong></span> <span class='ocrx_word' id='word_1_216' title='bbox 824 3243 847 3281; x_wconf 89' lang='grc' dir='ltr'><strong><em>ο.</em></strong></span> <span class='ocrx_word' id='word_1_217' title='bbox 875 3226 978 3281; x_wconf 79' lang='lat' dir='ltr'>Reiske</span> <span class='ocrx_word' id='word_1_218' title='bbox 1070 3233 1102 3279; x_wconf 81' lang='lat'><strong><em>12</em></strong></span> 
     </span>
     <span class='ocr_line' id='line_1_29' title="bbox 90 3291 1103 3385; baseline -0.003 -36"><span class='ocrx_word' id='word_1_219' title='bbox 90 3293 264 3385; x_wconf 80' lang='grc' dir='ltr'><strong><em>εὖρ&lt;ό&gt;ντες</em></strong></span> <span class='ocrx_word' id='word_1_220' title='bbox 284 3291 315 3350; x_wconf 80' lang='grc' dir='ltr'><strong><em>έν</em></strong></span> <span class='ocrx_word' id='word_1_221' title='bbox 333 3316 356 3350; x_wconf 87' lang='grc' dir='ltr'><strong><em>τ,</em></strong></span> <span class='ocrx_word' id='word_1_222' title='bbox 375 3295 398 3348; x_wconf 91' lang='grc' dir='ltr'>Β</span> <span class='ocrx_word' id='word_1_223' title='bbox 414 3298 418 3364; x_wconf 94' lang='grc' dir='ltr'>Ι</span> <span class='ocrx_word' id='word_1_224' title='bbox 434 3298 583 3369; x_wconf 80' lang='grc' dir='ltr'><strong><em>τρισταδίῳ</em></strong></span> <span class='ocrx_word' id='word_1_225' title='bbox 602 3299 652 3351; x_wconf 75' lang='lat' dir='ltr'><strong><em>aut</em></strong></span> <span class='ocrx_word' id='word_1_226' title='bbox 670 3292 754 3367; x_wconf 81' lang='grc' dir='ltr'><strong><em>μήκει</em></strong></span> <span class='ocrx_word' id='word_1_227' title='bbox 769 3297 823 3352; x_wconf 80' lang='lat' dir='ltr'>del.</span> <span class='ocrx_word' id='word_1_228' title='bbox 838 3297 939 3352; x_wconf 80' lang='lat' dir='ltr'><strong>Reiske</strong></span> <span class='ocrx_word' id='word_1_229' title='bbox 1002 3301 1035 3349; x_wconf 86' lang='lat'><strong><em>14</em></strong></span> <span class='ocrx_word' id='word_1_230' title='bbox 1053 3312 1103 3347; x_wconf 89' lang='grc' dir='ltr'><strong><em>οα-</em></strong></span> 
     </span>
     <span class='ocr_line' id='line_1_30' title="bbox 89 3362 1103 3456; baseline -0.003 -38"><span class='ocrx_word' id='word_1_231' title='bbox 89 3367 258 3434; x_wconf 82' lang='grc' dir='ltr'><strong><em>τουρνιοςΒ</em></strong></span> <span class='ocrx_word' id='word_1_232' title='bbox 336 3372 368 3420; x_wconf 77' lang='grc'><strong><em>17</em></strong></span> <span class='ocrx_word' id='word_1_233' title='bbox 391 3362 532 3456; x_wconf 85' lang='grc' dir='ltr'><strong><em>φενεάται</em></strong></span> <span class='ocrx_word' id='word_1_234' title='bbox 551 3367 602 3421; x_wconf 84' lang='grc' dir='ltr'><strong><em>ΑΒ</em></strong></span> <span class='ocrx_word' id='word_1_235' title='bbox 626 3370 630 3436; x_wconf 88' lang='grc' dir='ltr'>Ι</span> <span class='ocrx_word' id='word_1_236' title='bbox 655 3363 738 3435; x_wconf 82' lang='grc' dir='ltr'><strong><em>έπηολ</em></strong></span> <span class='ocrx_word' id='word_1_237' title='bbox 761 3369 806 3422; x_wconf 74' lang='lat' dir='ltr'><strong><em>Ba</em></strong></span> <span class='ocrx_word' id='word_1_238' title='bbox 828 3370 833 3435; x_wconf 91' lang='grc' dir='ltr'>Ι</span> <span class='ocrx_word' id='word_1_239' title='bbox 856 3365 886 3422; x_wconf 81' lang='grc' dir='ltr'><strong><em>οί</em></strong></span> <span class='ocrx_word' id='word_1_240' title='bbox 908 3366 962 3421; x_wconf 81' lang='lat' dir='ltr'>del.</span> <span class='ocrx_word' id='word_1_241' title='bbox 981 3365 1103 3419; x_wconf 83' lang='lat' dir='ltr'>Reudler</span> 
     </span>
     <span class='ocr_line' id='line_1_31' title="bbox 86 3433 1102 3508; baseline -0.007 -15"><span class='ocrx_word' id='word_1_242' title='bbox 86 3433 172 3495; x_wconf 78' lang='grc' dir='ltr'><strong><em>Ήῐοσ.</em></strong></span> <span class='ocrx_word' id='word_1_243' title='bbox 189 3438 252 3493; x_wconf 76' lang='lat' dir='ltr'><strong>crit.</strong></span> <span class='ocrx_word' id='word_1_244' title='bbox 271 3442 331 3506; x_wconf 72' lang='grc' dir='ltr'><strong><em>μθ</em></strong></span> <span class='ocrx_word' id='word_1_245' title='bbox 357 3439 361 3505; x_wconf 89' lang='grc' dir='ltr'>Ι</span> <span class='ocrx_word' id='word_1_246' title='bbox 384 3439 488 3506; x_wconf 89' lang='grc' dir='ltr'><strong><em>ηλυδος</em></strong></span> <span class='ocrx_word' id='word_1_247' title='bbox 505 3440 552 3493; x_wconf 78' lang='lat' dir='ltr'><strong><em>Ba</em></strong></span> <span class='ocrx_word' id='word_1_248' title='bbox 624 3444 657 3492; x_wconf 80' lang='lat'><strong><em>20</em></strong></span> <span class='ocrx_word' id='word_1_249' title='bbox 680 3437 857 3508; x_wconf 88' lang='grc' dir='ltr'><strong><em>λαομέδοντα</em></strong></span> <span class='ocrx_word' id='word_1_250' title='bbox 879 3438 902 3491; x_wconf 92' lang='grc' dir='ltr'>Β</span> <span class='ocrx_word' id='word_1_251' title='bbox 974 3441 1008 3489; x_wconf 79' lang='lat'><strong><em>23</em></strong></span> <span class='ocrx_word' id='word_1_252' title='bbox 1033 3435 1063 3489; x_wconf 80' lang='grc' dir='ltr'><strong><em>εί</em></strong></span> <span class='ocrx_word' id='word_1_253' title='bbox 1076 3454 1102 3487; x_wconf 86' lang='grc' dir='ltr'><strong><em>τι</em></strong></span> 
     </span>
     <span class='ocr_line' id='line_1_32' title="bbox 87 3501 848 3579; baseline 0.001 -17"><span class='ocrx_word' id='word_1_254' title='bbox 87 3505 161 3566; x_wconf 76' lang='grc' dir='ltr'><strong><em>πάνυ</em></strong></span> <span class='ocrx_word' id='word_1_255' title='bbox 191 3527 214 3564; x_wconf 88' lang='grc' dir='ltr'><strong><em>ο.</em></strong></span> <span class='ocrx_word' id='word_1_256' title='bbox 234 3506 377 3576; x_wconf 80' lang='lat' dir='ltr'>Kiessling</span> <span class='ocrx_word' id='word_1_257' title='bbox 448 3515 483 3564; x_wconf 76' lang='lat'><strong><em>24</em></strong></span> <span class='ocrx_word' id='word_1_258' title='bbox 506 3501 524 3579; x_wconf 82' lang='grc' dir='ltr'><em>ἦ</em></span> <span class='ocrx_word' id='word_1_259' title='bbox 543 3509 588 3563; x_wconf 79' lang='lat' dir='ltr'><strong><em>Ba</em></strong></span> <span class='ocrx_word' id='word_1_260' title='bbox 604 3511 607 3576; x_wconf 91' lang='grc' dir='ltr'>Ι</span> <span class='ocrx_word' id='word_1_261' title='bbox 623 3510 673 3577; x_wconf 83' lang='grc' dir='ltr'><strong><em>τῆς</em></strong></span> <span class='ocrx_word' id='word_1_262' title='bbox 691 3511 785 3577; x_wconf 84' lang='grc' dir='ltr'><strong><em>τροίας</em></strong></span> <span class='ocrx_word' id='word_1_263' title='bbox 802 3508 848 3563; x_wconf 81' lang='lat' dir='ltr'><strong><em>Ba</em></strong></span> 
     </span>
    </p>
   </div>
   <div class='ocr_carea' id='block_1_4' title="bbox 0 0 1232 3916">
    <p class='ocr_par' dir='ltr' id='par_1_4' title="bbox 0 0 1232 3916">
     <span class='ocr_line' id='line_1_33' title="bbox 0 0 1232 3916; baseline 0 1"><span class='ocrx_word' id='word_1_264' title='bbox 0 0 1232 3916; x_wconf 95' lang='lat' dir='ltr'><strong><em> </em></strong></span> 
     </span>
    </p>
   </div>
  </div>
 </body>
</html>
