2454 3916
150 233 214 298 144
573 206 669 286 -Ἀ
706 262 739 270 -

147 406 217 474 τοϊς
239 397 430 470 νεανίσκοις
451 391 507 458 καί
530 388 681 478 χρήματα
707 391 763 483 καὶ
787 388 873 458 ὅπλα
901 390 957 459 καί
985 403 1076 469 σῖτος
1108 390 1163 458 καί

147 498 347 587 ἀνδράποδα
372 498 428 565 καί
460 494 623 583 ὑποζύγια
655 493 837 582 ἀχθοφόρα
867 496 924 563 καὶ
956 505 990 564 εί
1016 523 1050 564 τι
1081 494 1163 564 ἀλλο

108 605 277 686 4πόλεως
303 597 347 691 ἦν
375 607 560 692 κατασκευῇ
590 602 798 691 πρόσφορον.
845 600 890 682 ὡς
913 602 951 670 δδ
974 601 1164 690 ἀνέστησαν

149 716 185 783 έκ
211 710 408 800 τής’Ἁλβας
436 714 472 778 οί
497 715 670 779 νεανίσκοι
698 707 758 777 τὸν
786 706 873 777 λεών
897 710 1049 796 μίξαντες
1072 708 1163 801 αύτῷ

108 850 121 890 ε
148 819 208 889 τὸν
232 818 392 904 αὐτόθεν,
411 815 490 897 ὅσος
512 807 556 905 ήν
580 818 617 885 έν
640 819 686 908 τῷ
706 821 907 907 Παλλαντίῳ
926 817 982 885 καί
1004 817 1082 905 περὶ
1102 814 1164 904 τήν

150 931 344 1014 Σατορνίαν
366 921 543 1011 ὑπολιπής,
567 928 756 1011 μερίζονται
785 920 823 991 τὸ
846 926 979 1010 πλήθος
1000 920 1092 991 ἀπαν
1116 910 1164 991 δι-

149 1036 202 1122 χή.
246 1033 346 1100 τοῦτο
375 1029 412 1098 δὲ
440 1027 555 1108 αὐτοῖς
583 1027 686 1110 δόξαν
709 1029 852 1117 παρέσχε
882 1035 1085 1117 φιλοτιμίας,
1108 1032 1165 1097 ἴνα

149 1142 277 1207 θᾶττον
305 1132 449 1222 ἀνύηται
476 1138 516 1224 τή
546 1132 630 1222 πρὸς
658 1132 824 1221 ἀλλήλους
847 1133 969 1224 ἀμίλλη
997 1132 1038 1204 τδι
1068 1140 1208 1224 ἔρχομαί

111 1249 260 1314 δαίτιον
285 1242 323 1310 δὲ
344 1246 406 1311 τοῦ
433 1247 592 1330 μεγίστου
614 1245 735 1327 κακοῦ,
759 1241 921 1328 στάσεως,
945 1244 1088 1328 ἐγένετο.
1134 1245 1169 1311 ολ

111 1375 137 1412 10
149 1377 184 1420 τε
211 1348 274 1438 γὰρ
302 1350 596 1436 προσνεμηθέντες
623 1345 739 1428 αὐτοῖς
765 1346 825 1416 τὸν
854 1350 983 1418 ἑαυτῶν
1016 1347 1166 1436 ἡγεμόνα

152 1459 283 1526 ἕκαστον
310 1459 529 1534 κυδαίνοντες
561 1451 606 1534 ὡς
635 1453 826 1542 ἐπιτήδειον
858 1453 1017 1524 ἀπόντων
1049 1454 1166 1546 ἀρχειν

151 1565 291 1653 έπήρον,
320 1559 420 1629 αύτοί
442 1587 478 1628 τε
507 1559 618 1629 οὐκέτι
646 1565 727 1647 μίαν
754 1560 896 1648 γνώμην
925 1567 1057 1649 ἔχοντες
1086 1559 1167 1631 ούδδ

151 1667 283 1759 ἀδελφὰ
307 1673 520 1738 διανοεῖσθαι
544 1666 730 1754 ἀξιοῦντες,
759 1666 806 1749 ώς
826 1665 929 1748 αὐτὸς
957 1667 1069 1758 ἄρξων
1093 1669 1166 1738 ἑκό-

151 1802 246 1865 τερος
264 1777 424 1861 θατέρου,
442 1773 656 1861 παρώσαντες
674 1773 711 1843 τὸ
737 1783 813 1843 ίσον
832 1778 893 1844 τοῦ
911 1780 1068 1856 πλείονος
1087 1773 1167 1864 ώρέ-

111 1905 137 1945 15
151 1909 263 1971 γοντο.
306 1883 387 1962 τέως
410 1881 472 1970 μὲν
491 1873 555 1950 οὖν
574 1879 688 1971 ἀφανή
707 1881 747 1950 τά
766 1882 1035 1971 πλεονεκτήματα
1054 1881 1167 1952 αύτών

113 1997 133 2060 6
152 1982 205 2078 ήν,
228 1994 340 2057 ἔπειτα
363 1987 401 2056 δὲ
424 1987 584 2076 ἐξερράγη
603 1987 668 2057 σὺν
692 1993 806 2079 τοιᾷδε
824 1988 1001 2077 προφάσει.
1042 1987 1080 2058 τὸ
1104 2015 1167 2078 χω-

152 2103 229 2186 ρίον
256 2103 342 2164 ἔνθα
370 2102 509 2184 ἔμελλον
542 2094 695 2183 ἱδρύσειν
727 2095 790 2183 τήν
817 2095 918 2165 πόλιν
947 2094 989 2164 ού
1014 2094 1053 2165 τὸ
1084 2092 1167 2166 αύτδ

151 2202 263 2295 ήρείτο
284 2201 445 2291 ἑκάτερος.
472 2199 646 2290 Ῥωμύλου
660 2202 722 2290 μέν
740 2201 804 2292 γάρ
823 2196 867 2291 ήν
886 2202 1003 2291 γνώμη
1022 2201 1061 2271 τὸ
1080 2211 1168 2272 Παλ-

152 2310 291 2380 λάντιον
315 2315 450 2392 οίκίζειν
478 2311 546 2377 τών
573 2334 608 2377 τε
635 2307 748 2377 ἀλλων
777 2311 874 2378 ἕνεκα
901 2310 957 2377 καί
984 2313 1045 2397 τής
1067 2308 1169 2399 τύχης

112 2449 139 2488 20
152 2422 213 2487 τοῦ
231 2415 349 2501 τόπου,
367 2413 388 2502 ή
407 2412 445 2484 τὸ
466 2419 625 2501 σωθήναί
640 2441 675 2484 τε
695 2414 809 2495 αὐτοῖς
826 2417 883 2484 καί
896 2419 1067 2503 τραφῆναι
1085 2441 1170 2506 παρ-

154 2527 241 2612 έσχε·
268 2520 383 2614 Ῥώμῳ
409 2521 446 2590 δὲ
469 2520 579 2590 έδόκει
602 2520 665 2608 τήν
682 2525 895 2611 καλουμένην
918 2526 984 2592 νύν
1008 2520 1065 2591 ἀπ’
1087 2526 1169 2592 έκεί-

153 2658 218 2700 νου
235 2629 412 2717 Ῥεμορίαν
436 2632 580 2710 οἰκίζειν.
623 2633 691 2697 ἔστι
716 2629 753 2696 δὲ
775 2627 813 2697 τὸ
832 2633 958 2716 χωρίον
977 2628 1170 2716 ἐπιτήδειον

151 2735 383 2817 ὑποδέξασθαι
414 2733 515 2803 πόλιν
552 2733 658 2821 λόφος
686 2732 727 2804 οὐ
759 2735 874 2823 πρόσω
911 2739 972 2804 τοῦ
1009 2736 1219 2824 Τεβέριοςτνε

153 2848 319 2930 κείμενος,
351 2839 484 2928 ἀπέχων
513 2844 571 2928 τής
597 2838 724 2929 Ῥώμης
754 2839 841 2930 ἀμφὶ
872 2841 952 2923 τοὺς
987 2841 1172 2929 τριάκοντα

114 2976 139 3018 ετ
155 2952 322 3027 σταδίους.
365 2949 401 3016 έκ
425 2946 462 3015 δὲ
484 2950 543 3033 τής
566 2954 774 3034 φιλονεικίας
795 2949 918 3037 ταύτης
940 2946 1172 3037 ἀκοινώνητος

154 3052 259 3135 εύθύς
281 3052 489 3141 ὑπεδηλοῦτο
513 3059 681 3142 φιλαρχία.
727 3060 772 3149 τῷ
797 3055 861 3145 γάρ
881 3058 1005 3138 είξαντι
1027 3054 1066 3125 τὸ
1090 3084 1171 3147 upa-

153 3166 260 3249 τήσαν
283 3165 330 3241 είς
351 3158 460 3228 πάντα
483 3155 608 3246 ὁμοίως
631 3160 855 3247 ἐπιθήσεσθαι
874 3167 1020 3250 ἔμελλεν.

225 3362 241 3410 2
261 3356 311 3410 καλ
328 3348 469 3422 ὑποζύγια
487 3370 542 3409 om.
561 3354 607 3409 Ba
671 3362 688 3410 4
706 3352 759 3412 λεώ
778 3358 803 3411 Α
820 3359 824 3426 Ι
841 3351 936 3412 αότολν
956 3357 979 3412 O
1045 3364 1080 3413 12
1101 3355 1173 3429 ἐπή-

155 3447 208 3498 ραν
225 3428 249 3482 Β
311 3432 355 3482 22,
376 3430 410 3480 23
428 3419 460 3479 τό
480 3426 582 3495 χωρίον
597 3458 630 3466 -
645 3422 739 3497 πρόσω
759 3445 813 3482 om.
832 3428 858 3482 A
921 3433 956 3484 2ο
975 3423 1173 3500 ἀκοινώνητος

156 3515 210 3554 om.
228 3499 252 3552 B
324 3503 358 3552 27
377 3493 442 3559 *είς
460 3491 557 3551 πάντα
576 3496 599 3552 0
618 3491 733 3553 ἅπαντα
752 3499 892 3570 Kiessling
