2454 3916
518 228 681 282 -B-
1041 225 1104 291 195

93 405 162 470 τοῖς
184 385 256 456 κατ’
282 384 390 475 ἀγρὸν
413 390 524 474 έργοις
546 388 669 469 έθίζων
693 385 843 466 ἅπαντας
865 389 995 474 μένειν,
1017 386 1104 474 πλὴν

94 506 127 565 εί
146 521 225 564 ποτε
254 498 409 581 δεηθεῖεν
432 491 572 580 ἀγορᾶς,
595 492 669 561 τότε
694 490 724 560 δ’
751 498 798 573 είς
816 492 902 561 ἀστυ
925 493 1106 575 συνιόντας

93 601 286 690 ἀγοράζειν,
315 600 437 687 ἐνάτην
466 598 587 686 ὁρίζων
615 597 745 687 ἡμέραν
768 614 840 680 ταῖς
867 598 1017 687 ἀγοραῖς·
1051 599 1105 670 ὅτε

37 709 137 778 εθεδέ
155 709 300 795 πόλεμος
322 706 503 794 καταλάβοι
522 706 768 795 ’στρατεύεσθαι
788 705 959 775 διδάσκων
982 708 1037 776 καλ
1061 707 1105 795 μὴ

94 801 306 902 παραχωρεῖν
331 814 455 901 ἑτέροις
477 812 559 900 μήτε
579 818 648 882 τῶν
673 815 790 884 πόνων
818 814 899 902 μήτε
928 819 996 883 τῶν
1020 812 1106 901 ῶφε-
1133 840 1146 882 ε

94 926 205 991 λειῶν.
251 920 359 1011 διῄρει
387 919 451 1008 γάρ
480 919 593 1001 αὐτοῖς
621 923 654 1004 ἐξ
687 931 765 991 ίσου
795 927 860 1009 γῆν
887 949 922 990 τε
950 920 1035 1009 όσην
1063 917 1106 990 διν

95 1027 255 1116 ἀφέλοιτο
278 1032 459 1114 πολεμίους
480 1028 536 1095 καὶ
560 1025 757 1115 ἀνδράποδα
785 1030 841 1096 καί
864 1028 1029 1119 χρήματα,
1052 1031 1107 1096 καὶ

95 1133 339 1222 παρεσκεύαζεν
362 1132 537 1221 ἀγαπητῶς
561 1137 719 1222 δέχεσθαι
743 1135 801 1216 τὰς
811 1142 1004 1224 στρατείας.

148 1242 354 1310 >XXVIIII
391 1244 465 1309 Τῶν
494 1239 525 1308 δ’
551 1246 599 1321 είς
628 1240 796 1329 ἀλλήλους
822 1240 1037 1330 ἀδικημάτων
1066 1240 1108 1310 οὐ

96 1352 254 1435 χρονίους
286 1345 370 1416 ἀλλά
398 1353 529 1435 ταχείας
561 1350 703 1417 έποιεϊτο
734 1346 793 1428 τάς
823 1355 948 1435 κρίσεις
974 1347 1015 1417 τὰ
1045 1349 1106 1436 μὲν
1121 1373 1147 1414 ιο

96 1452 198 1534 αὐτὸς
221 1455 375 1539 διαιτῶν,
401 1451 443 1521 τά
471 1451 503 1521 δ’
530 1452 644 1534 ἀλλοις
670 1455 870 1541 ἐπιτρέπων,
898 1454 953 1521 καὶ
980 1453 1039 1535 τάς
1060 1481 1108 1522 τι-

97 1565 224 1648 μωρίας
256 1556 370 1627 αότῶν
405 1558 489 1646 πρὸς
523 1558 563 1628 τά
596 1561 722 1647 μεγέθη
758 1563 826 1627 τῶν
863 1557 1108 1648 ἁμαρτημάτων

97 1668 249 1735 ἐποιεῖτο.
282 1663 482 1754 ἀποτρέπειν
500 1695 535 1736 τε
554 1665 760 1754 ἀνθρώπους
778 1663 842 1734 ἀπὸ
865 1665 989 1748 παντὸς
1008 1672 1108 1756 ἔργον

96 1776 251 1860 πονηροῦ
273 1771 333 1840 τόν
358 1773 469 1861 φόβον
497 1773 639 1861 μάλιστα
667 1771 860 1859 δυνάμενον
888 1771 978 1861 ὁρῶν
1002 1773 1109 1842 πολλά

98 1883 145 1959 είς
166 1882 266 1948 τοῦτο
293 1879 563 1967 παρεσκευάσατο
591 1885 717 1968 χωρίον
744 1907 794 1966 τε,
817 1881 855 1948 έν
882 1872 1109 1972 ῶκαθεζόμε-
1124 1869 1150 1946 ἰτ

98 2013 158 2066 νος
191 1988 354 2072 ἐδίκαζεν,
391 1989 428 2055 έν
459 1990 504 2078 τῶ
539 1986 762 2078 φανερωτάτῳ
799 1991 857 2073 τῆς
893 1985 1019 2076 ἀγοράς
1054 1990 1110 2056 καλ

97 2096 326 2180 στρατιωτῶν,
355 2099 391 2161 οἳ
414 2093 700 2183 παρηκολούθουν
728 2091 817 2185 αὐτῷ
840 2093 1026 2180 τριακόσιοι
1048 2095 1110 2163 τὸν

98 2198 250 2286 ἀριθμὸν
275 2198 380 2286 όντες,
403 2200 747 2287 καταπληκτικώτατοι
769 2198 831 2287 τὴν
848 2200 1029 2287 πρόσοψιν,
1053 2201 1111 2288 ῥά-

98 2311 204 2394 βδους
239 2333 274 2375 τε
310 2308 365 2374 καὶ
402 2309 549 2387 πελέκεις
584 2305 641 2375 ὑπ’
675 2305 812 2393 ἀνδρῶν
846 2305 974 2373 δῶδεκα
1011 2334 1110 2394 φερο-

100 2417 238 2501 μένους,
263 2408 312 2492 οἷς
334 2411 415 2493 τοὺς
432 2413 494 2500 μέν
517 2413 593 2495 ἀξια
612 2418 783 2500 μαστίγων
806 2411 1008 2500 δεδρακότας
1026 2415 1110 2495 έζαι-
1124 2434 1151 2476 εο

99 2547 163 2589 νον
192 2521 230 2588 έν
258 2518 381 2609 ἀγορᾷ,
403 2525 472 2589 τῶν
502 2520 539 2588 δὲ
565 2518 606 2589 τά
634 2522 772 2606 μέγιστα
800 2517 1010 2605 ἠδικηκότων
1033 2519 1111 2601 τοὺς

99 2626 288 2714 τραχήλους
319 2625 507 2696 ἀπέκοπτον
539 2630 577 2695 έν
604 2631 648 2718 τῶ
680 2628 825 2716 φανερῷ.
873 2629 1026 2706 τοιοῦτος
1049 2625 1151 2714 μδν2

48 2733 148 2820 εθοδή
172 2760 222 2813 τις
241 2730 259 2801 ὁ
278 2732 405 2821 κόσμος
422 2725 466 2821 ἦν
485 2737 543 2821 τῆς
560 2736 886 2819 κατασκευασθείσης
907 2729 973 2800 ὑπὸ
987 2729 1112 2821 Ῥωμύ-

101 2849 164 2909 λον
187 2845 366 2920 πολιτείας·
399 2837 528 2927 ἀπόχρη
557 2838 619 2928 γάρ
649 2841 684 2908 ἐκ
710 2839 839 2907 τούτων
866 2840 923 2907 καὶ
945 2841 1022 2928 περὶ
1044 2843 1112 2910 τῶν

101 2945 213 3015 ἀλλων
236 2944 374 3014 είκάσαι.
1126 2985 1153 3026 ,,

173 3092 272 3159 λμοεό
296 3084 445 3152 συνιόντας
474 3090 522 3143 aut
547 3086 645 3154 ἔταξεν
673 3091 723 3143 aut
748 3083 858 3157 ἐφῆκεν
880 3089 974 3144 deesse
1002 3089 1114 3144 videtur

100 3159 216 3215 Reiskio
295 3168 311 3214 4
335 3157 366 3215 δὲ
390 3155 552 3231 πόλεμοςΒ
580 3159 690 3229 Kriiger
711 3158 770 3214 Ind.
788 3177 830 3248 gr.
849 3177 890 3229 gr.
917 3176 944 3229 p.
969 3165 1020 3215 251
1049 3154 1114 3213 δ’ὁ

101 3250 130 3286 π.
149 3233 175 3285 Β
230 3227 437 3300 λάφέλοιτοΒ
456 3227 649 3300 ἀφέλοιντοΒ
704 3236 737 3285 10
752 3229 923 3302 χρηοειςΒε,
978 3233 1115 3284 15an-

103 3298 219 3374 ζόμενος
249 3297 360 3369 ἐδίκαζε
386 3303 437 3357 τῶι
461 3304 487 3357 R
514 3303 705 3368 καθεδίκαζεν
735 3297 766 3356 έν
794 3301 844 3356 τῶι
867 3302 890 3355 Β
973 3306 1006 3355 18
1029 3319 1114 3354 κατα-

102 3370 324 3443 πληκτικώτατοι
342 3369 394 3442 τὴν
413 3369 553 3442 πρόσοψιν
572 3373 594 3427 Β
612 3367 917 3441 καταπληκτικωτάτην
935 3365 1076 3438 πρόσοψιν
1089 3371 1115 3423 Β

103 3453 137 3501 20
157 3443 199 3508 οἷς
218 3445 240 3499 Β
261 3443 288 3499 οἳ
305 3446 331 3500 R
349 3445 405 3500 def.
425 3443 513 3500 Cobet
531 3443 597 3501 obs.
615 3464 643 3516 p.
658 3451 693 3500 46
749 3451 781 3499 21
803 3439 834 3498 έν
853 3437 945 3516 ἀγορᾷ
965 3439 1115 3506 έξαινονΒ

102 3525 138 3573 24
156 3512 284 3587 ἀποχρῆν
302 3515 325 3571 0
902 3581 955 3637 13*
