2454 3916
497 215 663 266 —r—
968 213 1084 280 ,297

73 368 185 458 ῶσπερ
216 371 272 438 καὶ
303 369 382 460 παρ’
405 369 591 458 Ἀλβανοῖς·
629 369 688 453 ούς
720 376 751 440 εί
782 373 1001 461 διδάσκοιμεν
1034 372 1086 443 ὅτι

71 485 152 548 θεία
174 505 225 558 τις
247 483 375 565 ἔφθακε
398 478 480 566 τύχη
501 477 559 559 τὰς
577 476 798 569 ἀνθρωπίνας
816 480 966 563 σπουδὰς
984 480 1088 570 αὐτῆς

26 585 313 675 εεοπαρασχούσης
325 583 405 666 τοὺς
419 588 452 668 ἐξ
469 594 546 654 ίσον
564 585 624 656 τὸν
638 584 722 677 ὑπὲρ
736 591 805 658 τῶν
819 587 952 657 πόλεων
970 586 1087 675 ἀγῶνα

70 695 334 780 ποιησομένους,
362 689 403 762 ού
430 697 580 780 χαλεπῶς
606 699 774 781 πείσομεν.
826 693 867 763 ού
893 695 957 783 γάρ
985 693 1086 784 ἀρετῇ

70 804 249 868 λείπεσθαι
290 799 428 882 δόξουσι
469 804 537 870 τῶν
577 799 751 889 τριδύμων
787 799 965 888 ἀδελφῶν,
1001 799 1113 870 ἀλλά5

71 906 207 994 φύσεως
229 905 389 998 εὐκληρίᾳ
410 908 466 975 καί
493 906 594 995 τύχης
617 907 804 997 ίσορρόπου
828 908 912 997 πρός
933 906 971 977 τὸ
994 906 1086 977 ἀντί-

71 1022 181 1082 παλον
205 1012 455 1101 ἐπιτηδειότητι.

161 1123 233 1189 XV.
269 1124 421 1189 Τοσαῦτα
443 1124 504 1190 τοῦ
526 1127 739 1209 Φουφεττίου
756 1124 913 1205 λέξαντος
930 1124 986 1191 καί
1004 1123 1087 1193 πάν-

70 1253 141 1296 των
163 1225 225 1315 τὴν
248 1227 389 1315 γνῶμην
417 1228 667 1299 ἐπαινεσάντων
692 1230 826 1319 (ἔτυχον
856 1229 896 1298 δέ
913 1227 1087 1318 Ῥωμαίων

70 1360 106 1402 τε
134 1333 190 1401 καί
210 1331 383 1420 Ἀλβανῶν
416 1338 452 1404 οί
475 1334 646 1422 κράτιστοι
677 1334 842 1424 παρόντες
868 1333 1085 1427 ἀμφοτέροις)
1101 1356 1128 1397 10

71 1438 194 1529 μικρὸν
226 1438 371 1529 έπισχῶν
405 1438 422 1510 ό
457 1440 584 1522 Ῥύλλος
615 1443 717 1529 λέγει·
753 1439 801 1509 Τά
828 1441 890 1528 μέν
918 1441 1003 1511 ἀλλα
1031 1441 1087 1533 όρ-

69 1552 145 1629 θῶς
176 1550 427 1635 ἐπιλελογίσθαι
459 1575 518 1636 μοι
550 1552 675 1636 δοκεῖς,
708 1540 734 1618 ῶ
765 1551 964 1637 Φουφέττιε·
999 1559 1087 1618 θαυ-

71 1653 180 1743 μαστὴ
212 1655 276 1743 γάρ
308 1683 359 1736 τις
385 1653 406 1744 ἡ
434 1654 497 1744 τὴν
530 1657 691 1726 ούδέποτε
724 1661 902 1744 συμβᾶσαν
935 1654 1087 1744 ὁμοιογέ-

70 1789 169 1832 νειαν
195 1764 233 1832 ἐν
260 1759 466 1852 ἀμφοτέραις
494 1777 566 1844 ταῖς
594 1763 733 1833 πόλεσιν
762 1765 816 1832 ἐπὶ
842 1768 902 1852 τῆς
928 1762 1088 1853 ἡμετέρας

70 1872 190 1957 γενεᾶς
221 1870 419 1956 ἐξενέγκασα
454 1869 552 1957 τύχη·
593 1873 631 1940 δν
665 1871 696 1937 δ’
731 1870 870 1958 ἀγνοεῖν
908 1875 1035 1958 ἔοικας,
1068 1867 1128 1940 διε

70 1976 181 2044 πολύν
208 1977 342 2065 παρέξει
373 1989 443 2057 τοῖς
474 1981 665 2057 νεανίσκοις
697 1976 817 2065 όκνον,
850 1977 909 2048 ἐάν
941 1976 1087 2065 ἀξιῶμεν

71 2081 196 2163 αύτούς
218 2081 376 2170 ἀλλήλοις
398 2096 520 2173 χωρεῖν
549 2082 606 2152 διά
636 2083 751 2172 μάχης.
796 2082 817 2172 ἡ
840 2083 905 2174 γάρ
924 2083 1086 2174 Ὁρατίων
1105 2091 1127 2158 2

72 2189 180 2278 μήτηρ
207 2193 276 2258 τῶν
304 2186 475 2277 ἡμετέρων
507 2187 637 2278 ἀδελφὴ
664 2195 723 2277 τῆς
749 2196 930 2280 Κορατίων
963 2191 1088 2279 μητρός

72 2299 144 2365 ἐστι
161 2299 231 2365 τῶν
251 2293 434 2381 Ἀλβανῶν,
452 2295 509 2362 καὶ
526 2297 711 2382 τέθραπται
728 2294 769 2365 τά
788 2296 943 2387 μειράκια
962 2298 999 2366 ἐν
1018 2311 1088 2376 τοῖς

71 2403 273 2493 ἀμφοτέρων
301 2403 369 2468 τῶν
392 2405 565 2488 γυναικῶν
587 2399 725 2481 κόλποις
747 2399 954 2484 ἀσπάζονταί
980 2400 1009 2470 τ’
1030 2400 1087 2470 ἀλ-
1101 2427 1129 2469 νο

72 2509 198 2597 λήλους
232 2508 289 2576 καὶ
325 2511 486 2594 φιλοῦσιν
524 2505 585 2594 ούχ
621 2499 723 2594 ἦττον
759 2504 780 2596 ἢ
814 2509 976 2595 <πολλοὶ>
1008 2507 1088 2589 τούς

26 2618 208 2687 ιεῖὲαυτῶν
235 2612 414 2702 ἀδελφούς.
470 2611 534 2703 ὅρα
568 2611 610 2701 δὴ
647 2614 692 2703 μή
724 2638 804 2683 ποτε
837 2612 911 2683 οὐδ’
942 2613 1039 2684 ὅσιον
1066 2607 1088 2704 ᾖ

69 2722 205 2802 τούτοις
232 2719 437 2790 ἀναδιδόναι
466 2721 507 2789 τὰ
538 2722 624 2790 όπλα
652 2721 709 2789 καὶ
737 2729 852 2792 καλεῖν
883 2719 1006 2802 αύτούς
1035 2723 1088 2791 ἐπὶ

70 2828 132 2900 τὸν
161 2825 233 2897 κατ’
263 2825 419 2914 ἀλλήλων
449 2825 561 2915 φόνον
593 2825 755 2910 ἀνεψιοὺς
785 2829 841 2897 καὶ
874 2828 1089 2917 συντρόφους

72 2936 183 3016 ὄντας.
218 2934 256 3003 τὸ
271 2931 335 3021 γδιρ
350 2933 516 3021 ἐμφύλιον
530 2933 622 3021 ἀγος,
637 2933 697 3004 ἐάν
710 2933 974 3023 ἀναγκασθῶσιν
988 2935 1088 3025 ἀλλή-
1101 2959 1128 3000 25

71 3053 155 3124 λους
177 3053 385 3132 μιαιφονεῖν,
409 3044 457 3121 είς
478 3038 565 3129 ἡμᾶς
592 3039 761 3110 ἐλεύσεται
783 3041 862 3123 τοὺς
885 3040 1089 3132 ἀναγκάζον-
1108 3040 1129 3106 3

139 3270 298 3363 κέφθακε
317 3272 340 3326 Β
360 3268 517 3340 ἔφθασεΒ
584 3272 676 3327 ὁτῶν
694 3271 825 3329 BomR
889 3279 921 3328 11
941 3269 1089 3335 τύλλιοςΑ

73 3351 108 3401 17
133 3341 269 3432 όρατίων
277 3343 331 3398 ΑΒ
355 3345 384 3398 ολ
407 3341 447 3397 sic
470 3357 555 3430 saepe
636 3343 709 3399 21*
718 3338 831 3413 ηπότε
858 3339 953 3399 αύτῶν
977 3344 1000 3397 Β
1023 3342 1090 3407 τούς

72 3414 186 3474 ἑαυτῶν
199 3408 269 3483 Β,
252 3412 395 3502 ηέτερρι
399 3412 446 3468 vel
464 3408 543 3468 ἄλλοι
544 3408 628 3500 τούς
646 3432 669 3471 ο.
683 3415 787 3472 Reiske
859 3421 893 3470 22
908 3408 1052 3484 ἀδελφούς
1064 3416 1090 3470 Β

71 3482 215 3560 ἀνεψιούς
228 3436 270 3540 Bu
271 3488 278 3556 l
292 3477 395 3541 ούδ’”
378 3503 458 3539 οσιον
475 3483 499 3538 Β
518 3478 570 3555 ούχ
589 3479 668 3541 ὅσιον
685 3487 711 3541 Β
