2454 3916
529 203 692 256 -B-

105 365 216 445 δίους,
242 375 348 428 κεῖται
376 359 407 427 δ’
434 357 488 448 ἐφ’
513 358 647 447 ὑψηλοῦ
675 361 841 431 σκοπέλου
868 364 923 431 καλ
953 367 1117 453 περιρρῶ-

104 495 165 555 γος
187 469 332 555 μέγεθος
355 473 475 556 ἔχουσα
501 465 584 537 ὅσον
604 466 755 556 Ἀθῆναι.
801 469 1001 558 ἐποιήσαντο
1026 473 1058 538 δ’
1085 475 1121 540 οί

106 571 307 645 Οὐιεντανοὶ
334 579 395 644 τού
421 576 570 662 πολέμου
592 575 765 664 πρόφασιν
792 573 854 664 τὴν
881 581 939 664 τῆς
965 577 1117 667 Φιδήνης

106 680 234 751 ἅλωσιν
275 682 331 750 καλ
370 682 524 769 πρέσβεις
563 680 818 764 ἀποστείλαντες
854 686 1009 754 ἐκέλευον
1040 682 1117 753 Ῥω·

105 794 218 877 μαίοις
245 789 374 875 ἐξάγειν
401 791 437 857 ἐκ
463 793 522 877 της
548 789 677 870 πόλεως
703 789 765 879 τὴν
793 791 949 881 φρουρὰν
976 794 1032 860 καλ
1054 791 1144 879 τηνε

103 896 234 984 χάραν,
269 891 313 984 ἣν
349 911 502 984 κατεῖχον
538 895 744 985 ἀφελόμενοι
780 898 860 978 τοὺς
899 902 1118 985 Φιδηναίους,

106 1002 310 1072 ἀποδιδόναι
332 1017 403 1083 τοῖς
425 1005 458 1084 ἐξ
477 998 580 1091 ἀρχῆς
597 1009 735 1093 κυρίοις.
777 1001 822 1086 ὡς
844 1001 875 1072 δ’
897 1001 958 1074 ούκ
977 1009 1117 1074 ἔπειθον

106 1108 284 1189 ἐλάσαντες
313 1113 420 1199 πολλῇ
455 1114 592 1200 στρατιᾷ
628 1115 772 1198 πλησίον
804 1115 862 1198 τῆς
897 1110 1049 1199 Φιδήνης
1080 1113 1118 1179 ἐν

105 1214 242 1308 ἀπόπτῳ
264 1222 416 1286 τίθενται
438 1217 499 1286 τὸν
522 1219 659 1304 χάρακα.
699 1216 921 1306 προεγνωκὼς
944 1218 982 1287 δὲ
1005 1216 1117 1288 αὐτῶν
1136 1220 1161 1285 4

104 1323 166 1411 τὴν
204 1325 323 1405 ἔξοδον
355 1322 374 1393 ὸ
401 1321 569 1411 Ῥωμύλος
605 1323 798 1411 ἐξεληλύθει
837 1323 900 1412 τὴν
935 1332 1116 1414 κρατίστην
1131 1353 1158 1392 ιο

107 1429 254 1518 δύναμιν
287 1435 373 1518 ἔχων
402 1431 458 1499 καὶ
485 1422 529 1518 ἦν
558 1433 595 1500 ἐν
622 1434 663 1520 τῇ
695 1430 789 1499 πόλει
818 1435 888 1500 τόν
919 1436 1117 1519 Φιδηναίων

47 1562 101 1612 351
109 1536 277 1625 εὐτρεπής.
317 1538 387 1606 ἐπεὶ
406 1536 437 1605 δ’
460 1540 574 1626 ἕτοιμα
596 1536 637 1607 τά
655 1536 738 1626 πρὸς
760 1537 820 1608 τὸν
839 1536 955 1626 ἀγῶνα
978 1531 1033 1626 ἦν,
1056 1536 1117 1625 ἀμ

105 1642 242 1731 φότεροι
265 1643 492 1733 προελθόντες
513 1649 561 1724 είς
583 1643 621 1714 τὸ
643 1649 763 1714 πεδίον
787 1643 949 1732 ἐμάχοντο
972 1644 1029 1712 καλ
1053 1646 1119 1713 διί-

105 1778 226 1839 μειναν
245 1748 322 1840 ἄχρι
339 1755 464 1839 πολλῆς
482 1749 571 1840 ὥρας
589 1751 745 1841 ἐκθύμως
765 1747 1018 1840 ἀγωνιζόμενοι,
1036 1753 1119 1831 τέως

100 1855 122 1944 ἡ
151 1855 212 1939 νύξ
240 1859 444 1945 ἐπιλαβοῦσα
473 1860 641 1948 διέκρινεν
671 1856 793 1939 αύτούς
821 1867 917 1938 ίσονς
941 1855 1024 1926 κατδι
1053 1856 1156 1926 τόντε

103 1963 220 2051 ἀγῶνα
243 1966 456 2053 γενομένους.
491 1966 547 2033 καλ
569 1963 695 2053 ταύτην
714 1964 777 2055 μὲν
799 1964 861 2053 τὴν
880 1964 991 2053 μάχην
1011 1961 1117 2045 οὕτως
1158 2054 1160 2059 Ι

100 2068 327 2158 ἠγωνίσαντο·

148 2187 169 2224 >
190 2179 258 2245 LV.
297 2179 410 2267 ἑτέρας
437 2177 474 2245 δὲ
497 2178 604 2266 μάχης
635 2176 704 2267 μετ’
732 2174 773 2248 ού
804 2179 893 2247 πολὺ
918 2180 1114 2267 γενομένης,

104 2286 227 2353 ἐνίκων
251 2289 287 2353 ολ
297 2281 454 2373 Ῥωμαῖοι
473 2290 578 2374 σοφία
595 2289 656 2354 τοῦ
667 2283 843 2373 -ἡγεμόνος
867 2282 946 2370 όρος
968 2312 1000 2354 τι
1017 2311 1116 2352 κατα-

101 2384 294 2480 λαβομένου
323 2391 455 2478 νύκτωρ
489 2390 530 2461 οὐ
560 2390 669 2461 πολύν
700 2395 762 2460 τού
788 2393 1017 2481 στρατοπέδου
1046 2394 1115 2459 τῶν
1130 2415 1158 2456 ιο

101 2506 272 2586 πολεμίων
294 2499 400 2569 τόπον
423 2496 548 2587 ἀπέχον
571 2501 627 2567 καὶ
654 2503 850 2586 λοχίσαντος
880 2500 917 2568 ἐν
940 2496 1029 2590 αὐτῷ
1052 2497 1116 2585 τὴν

103 2604 330 2694 ἀκμαιοτάτην
353 2611 421 2676 τῶν
443 2604 586 2693 ὕστερον
609 2603 825 2693 ἀφικομένων
849 2607 885 2673 ἐκ
907 2609 966 2692 τῆς
986 2604 1116 2685 πόλεως

102 2715 230 2782 ίππέων
256 2739 292 2783 τε
318 2714 375 2782 καλ
406 2717 512 2796 πεζῶν
540 2713 696 2800 δύναμιν.
742 2710 982 2782 συνελθόντων
1012 2708 1044 2779 δ’
1066 2715 1156 2792 είς2

100 2819 140 2891 τὸ
167 2826 287 2890 πεδίον
319 2818 518 2910 ἀμφοτέρων
545 2821 601 2889 καλ
632 2819 692 2889 τὸν
721 2815 825 2888 αὐτὸν
857 2817 1116 2906 ἀγωνιζομένων

99 2928 243 3017 τρόπον,
267 2925 381 3015 ἐπειδὴ
403 2925 441 2997 τὸ
466 2926 625 3015 σύνθημα
654 2927 672 2996 δ
690 2924 859 3014 Ῥωμύλος
885 2917 946 3014 ἦρε
967 2941 1039 3006 τοῖς
1061 2926 1114 2995 ἐπὶ
1130 2963 1156 3005 26

99 3041 161 3106 τού
188 3034 307 3124 όρους,
329 3032 553 3116 ἀλαλάξαντες
582 3039 617 3103 ολ
640 3037 804 3122 λοχῶντες
833 3039 934 3103 ἔθεον
958 3034 1010 3101 ἐπὶ
1037 3030 1118 3114 τούς

175 3190 302 3278 κέ>φ’
321 3190 518 3281 <ύ>υηλρύΒ
594 3201 610 3248 3
635 3194 760 3278 φιδηνῆς
777 3194 830 3248 ΑΒ
908 3199 925 3249 8
949 3193 1074 3294 φιδηνῆι
1092 3193 1118 3246 Α

101 3266 289 3392 λό’ἷόῆιῗιά
310 3271 400 3392 οιεῗι
416 3260 717 3422 όλῖῗὴόῗόόα
740 3281 797 3391 οῗί
813 3266 905 3391 ῗόιιι
923 3270 977 3389 όό.
1002 3261 1118 3420 οἷλέιῗ

101 3403 300 3534 ἀπέχονχοςΟ
326 3410 330 3477 Ι
355 3404 525 3477 λοχήσαντας
543 3408 619 3463 ABb
692 3401 774 3462 τόδ’
800 3406 897 3462 om.B
968 3409 1001 3458 25
1022 3394 1118 3473 ἦρεΒ

100 3498 186 3550 ηρετο
