<?xml version="1.0" encoding="UTF-8"?>
<!DOCTYPE html PUBLIC "-//W3C//DTD XHTML 1.0 Transitional//EN"
    "http://www.w3.org/TR/xhtml1/DTD/xhtml1-transitional.dtd">
<html xmlns="http://www.w3.org/1999/xhtml" xml:lang="en" lang="en">
 <head>
  <title>
</title>
<meta http-equiv="Content-Type" content="text/html;charset=utf-8" />
  <meta name='ocr-system' content='tesseract 3.04.00' />
  <meta name='ocr-capabilities' content='ocr_page ocr_carea ocr_par ocr_line ocrx_word'/>
</head>
<body>
  <div class='ocr_page' id='page_1' title='image "./dionysihalicarn01diongoog_0161.png"; bbox 0 0 2454 3916; ppageno 0'>
   <div class='ocr_carea' id='block_1_1' title="bbox 575 217 742 269">
    <p class='ocr_par' dir='ltr' id='par_1_1' title="bbox 575 217 742 269">
     <span class='ocr_line' id='line_1_1' title="bbox 575 217 742 269; baseline -0.006 -14"><span class='ocrx_word' id='word_1_1' title='bbox 575 217 742 269; x_wconf 76' lang='grc' dir='ltr'><strong><em>..Α-</em></strong></span> 
     </span>
    </p>
   </div>
   <div class='ocr_carea' id='block_1_2' title="bbox 109 371 1216 2600">
    <p class='ocr_par' dir='ltr' id='par_1_2' title="bbox 109 371 1216 2600">
     <span class='ocr_line' id='line_1_2' title="bbox 149 371 1166 462; baseline -0.002 -18"><span class='ocrx_word' id='word_1_2' title='bbox 149 378 428 462; x_wconf 89' lang='grc' dir='ltr'><strong><em>έπισημαίνουσιν</em></strong></span> <span class='ocrx_word' id='word_1_3' title='bbox 452 376 486 456; x_wconf 75' lang='grc' dir='ltr'><strong><em>ἓξ</em></strong></span> <span class='ocrx_word' id='word_1_4' title='bbox 509 371 574 442; x_wconf 88' lang='grc' dir='ltr'><strong><em>ἀπὸ</em></strong></span> <span class='ocrx_word' id='word_1_5' title='bbox 598 378 666 442; x_wconf 90' lang='grc' dir='ltr'><strong><em>τῶν</em></strong></span> <span class='ocrx_word' id='word_1_6' title='bbox 690 375 811 455; x_wconf 85' lang='grc' dir='ltr'><strong><em>δεξιῶν</em></strong></span> <span class='ocrx_word' id='word_1_7' title='bbox 834 375 1021 460; x_wconf 81' lang='grc' dir='ltr'><strong><em>πετόμενοι.</em></strong></span> <span class='ocrx_word' id='word_1_8' title='bbox 1067 375 1124 442; x_wconf 80' lang='grc' dir='ltr'><strong><em>καὶ</em></strong></span> <span class='ocrx_word' id='word_1_9' title='bbox 1148 402 1166 443; x_wconf 98' lang='grc' dir='ltr'><strong><em>ο</em></strong></span> 
     </span>
     <span class='ocr_line' id='line_1_3' title="bbox 149 477 1167 570; baseline 0 -20"><span class='ocrx_word' id='word_1_10' title='bbox 149 481 212 570; x_wconf 74' lang='grc' dir='ltr'><strong><em>μέν</em></strong></span> <span class='ocrx_word' id='word_1_11' title='bbox 241 481 326 550; x_wconf 79' lang='grc' dir='ltr'><strong><em>ίδῶν</em></strong></span> <span class='ocrx_word' id='word_1_12' title='bbox 351 480 431 561; x_wconf 83' lang='grc' dir='ltr'><strong><em>τοὺς</em></strong></span> <span class='ocrx_word' id='word_1_13' title='bbox 459 479 603 570; x_wconf 74' lang='grc' dir='ltr'><strong><em>ὄρνιθας</em></strong></span> <span class='ocrx_word' id='word_1_14' title='bbox 635 477 817 569; x_wconf 70' lang='grc' dir='ltr'><strong><em>περιχαρής</em></strong></span> <span class='ocrx_word' id='word_1_15' title='bbox 848 482 995 567; x_wconf 81' lang='grc' dir='ltr'><strong><em>ἐγένετο,</em></strong></span> <span class='ocrx_word' id='word_1_16' title='bbox 1028 477 1099 568; x_wconf 88' lang='grc' dir='ltr'><strong><em>μετ’</em></strong></span> <span class='ocrx_word' id='word_1_17' title='bbox 1126 479 1167 550; x_wconf 89' lang='grc' dir='ltr'><strong><em>οό</em></strong></span> 
     </span>
     <span class='ocr_line' id='line_1_4' title="bbox 149 584 1168 676; baseline 0.002 -21"><span class='ocrx_word' id='word_1_18' title='bbox 149 585 237 656; x_wconf 79' lang='grc' dir='ltr'><strong><em>πολὺ</em></strong></span> <span class='ocrx_word' id='word_1_19' title='bbox 264 587 302 657; x_wconf 73' lang='grc' dir='ltr'><strong><em>δέ</em></strong></span> <span class='ocrx_word' id='word_1_20' title='bbox 330 591 366 656; x_wconf 93' lang='grc' dir='ltr'><strong><em>οί</em></strong></span> <span class='ocrx_word' id='word_1_21' title='bbox 386 586 476 676; x_wconf 83' lang='grc' dir='ltr'><strong><em>παρὰ</em></strong></span> <span class='ocrx_word' id='word_1_22' title='bbox 503 590 565 655; x_wconf 79' lang='grc' dir='ltr'><strong><em>τοῦ</em></strong></span> <span class='ocrx_word' id='word_1_23' title='bbox 586 584 760 674; x_wconf 82' lang='grc' dir='ltr'><em>Ῥωμύλου</em></span> <span class='ocrx_word' id='word_1_24' title='bbox 786 591 996 675; x_wconf 66' lang='grc' dir='ltr'><strong><em>πεμφθέντες</em></strong></span> <span class='ocrx_word' id='word_1_25' title='bbox 1023 585 1168 675; x_wconf 81' lang='grc' dir='ltr'><strong><em>ἀναστή-</em></strong></span> 
     </span>
     <span class='ocr_line' id='line_1_5' title="bbox 110 691 1167 782; baseline 0.002 -20"><span class='ocrx_word' id='word_1_26' title='bbox 110 699 133 762; x_wconf 91' lang='grc'>4</span> <span class='ocrx_word' id='word_1_27' title='bbox 151 714 269 776; x_wconf 89' lang='grc' dir='ltr'><strong><em>σαντες</em></strong></span> <span class='ocrx_word' id='word_1_28' title='bbox 292 692 396 763; x_wconf 88' lang='grc' dir='ltr'><strong><em>αότὸν</em></strong></span> <span class='ocrx_word' id='word_1_29' title='bbox 420 692 565 782; x_wconf 87' lang='grc' dir='ltr'><strong><em>ἀγουσιν</em></strong></span> <span class='ocrx_word' id='word_1_30' title='bbox 585 694 637 762; x_wconf 79' lang='grc' dir='ltr'><strong><em>ἐπὶ</em></strong></span> <span class='ocrx_word' id='word_1_31' title='bbox 660 691 698 762; x_wconf 92' lang='grc' dir='ltr'><strong><em>τὸ</em></strong></span> <span class='ocrx_word' id='word_1_32' title='bbox 717 693 941 764; x_wconf 82' lang='grc' dir='ltr'><strong><em>Παλλάντιον.</em></strong></span> <span class='ocrx_word' id='word_1_33' title='bbox 983 695 1053 763; x_wconf 78' lang='grc' dir='ltr'><strong><em>ἐπεὶ</em></strong></span> <span class='ocrx_word' id='word_1_34' title='bbox 1072 694 1112 763; x_wconf 72' lang='grc' dir='ltr'><strong><em>δὲ</em></strong></span> <span class='ocrx_word' id='word_1_35' title='bbox 1130 697 1167 764; x_wconf 86' lang='grc' dir='ltr'><strong><em>έν</em></strong></span> 
     </span>
     <span class='ocr_line' id='line_1_6' title="bbox 109 796 1166 894; baseline -0.002 -22"><span class='ocrx_word' id='word_1_36' title='bbox 109 831 124 872; x_wconf 82' lang='grc' dir='ltr'><strong><em>ι</em></strong></span> <span class='ocrx_word' id='word_1_37' title='bbox 149 805 195 894; x_wconf 78' lang='grc' dir='ltr'><strong><em>τῷ</em></strong></span> <span class='ocrx_word' id='word_1_38' title='bbox 220 799 309 894; x_wconf 76' lang='grc' dir='ltr'><strong><em>αὐτῷ</em></strong></span> <span class='ocrx_word' id='word_1_39' title='bbox 333 802 490 888; x_wconf 78' lang='grc' dir='ltr'><strong><em>ἐγένοντο</em></strong></span> <span class='ocrx_word' id='word_1_40' title='bbox 514 799 613 888; x_wconf 66' lang='grc' dir='ltr'><strong><em>ἤρετο</em></strong></span> <span class='ocrx_word' id='word_1_41' title='bbox 632 799 694 887; x_wconf 78' lang='grc' dir='ltr'><strong><em>μέν</em></strong></span> <span class='ocrx_word' id='word_1_42' title='bbox 717 797 777 869; x_wconf 90' lang='grc' dir='ltr'><strong><em>τὸν</em></strong></span> <span class='ocrx_word' id='word_1_43' title='bbox 796 796 969 888; x_wconf 83' lang='grc' dir='ltr'><strong><em>Ῥωμύλον</em></strong></span> <span class='ocrx_word' id='word_1_44' title='bbox 992 798 1009 869; x_wconf 88' lang='grc' dir='ltr'>ὁ</span> <span class='ocrx_word' id='word_1_45' title='bbox 1030 798 1166 889; x_wconf 89' lang='grc' dir='ltr'><strong><em>Ῥῶμος,</em></strong></span> 
     </span>
     <span class='ocr_line' id='line_1_7' title="bbox 150 903 1209 1000; baseline -0.007 -24"><span class='ocrx_word' id='word_1_46' title='bbox 150 905 305 988; x_wconf 81' lang='grc' dir='ltr'><strong><em>οάςτινας</em></strong></span> <span class='ocrx_word' id='word_1_47' title='bbox 323 903 468 987; x_wconf 82' lang='grc' dir='ltr'><strong><em>οίωνούς</em></strong></span> <span class='ocrx_word' id='word_1_48' title='bbox 491 911 560 976; x_wconf 87' lang='grc' dir='ltr'><strong><em>ίδοι</em></strong></span> <span class='ocrx_word' id='word_1_49' title='bbox 579 905 750 996; x_wconf 90' lang='grc' dir='ltr'><strong><em>πρότερος,</em></strong></span> <span class='ocrx_word' id='word_1_50' title='bbox 774 903 793 975; x_wconf 85' lang='grc' dir='ltr'><strong>ὁ</strong></span> <span class='ocrx_word' id='word_1_51' title='bbox 817 906 855 975; x_wconf 74' lang='grc' dir='ltr'><strong><em>δέ</em></strong></span> <span class='ocrx_word' id='word_1_52' title='bbox 875 910 912 975; x_wconf 87' lang='grc' dir='ltr'><strong><em>έν</em></strong></span> <span class='ocrx_word' id='word_1_53' title='bbox 934 905 1051 1000; x_wconf 74' lang='grc' dir='ltr'><strong><em>ἀπόρῳ</em></strong></span> <span class='ocrx_word' id='word_1_54' title='bbox 1074 915 1209 995; x_wconf 79' lang='grc' dir='ltr'><strong><em>γίνε-111</em></strong></span> 
     </span>
     <span class='ocr_line' id='line_1_8' title="bbox 148 1011 1166 1105; baseline 0.001 -22"><span class='ocrx_word' id='word_1_55' title='bbox 148 1041 204 1084; x_wconf 88' lang='grc' dir='ltr'><strong><em>ται</em></strong></span> <span class='ocrx_word' id='word_1_56' title='bbox 228 1012 247 1083; x_wconf 84' lang='grc' dir='ltr'>ὅ</span> <span class='ocrx_word' id='word_1_57' title='bbox 269 1040 301 1082; x_wconf 89' lang='grc' dir='ltr'><strong><em>τι</em></strong></span> <span class='ocrx_word' id='word_1_58' title='bbox 325 1011 553 1104; x_wconf 88' lang='grc' dir='ltr'><strong><em>ἀποκρίναιτο.</em></strong></span> <span class='ocrx_word' id='word_1_59' title='bbox 595 1016 632 1081; x_wconf 87' lang='grc' dir='ltr'><strong><em>έν</em></strong></span> <span class='ocrx_word' id='word_1_60' title='bbox 653 1013 691 1081; x_wconf 76' lang='grc' dir='ltr'><strong><em>δέ</em></strong></span> <span class='ocrx_word' id='word_1_61' title='bbox 709 1013 817 1105; x_wconf 83' lang='grc' dir='ltr'><strong><em>τοότφ</em></strong></span> <span class='ocrx_word' id='word_1_62' title='bbox 842 1013 973 1083; x_wconf 88' lang='grc' dir='ltr'><strong><em>δῶδεκα</em></strong></span> <span class='ocrx_word' id='word_1_63' title='bbox 990 1019 1096 1102; x_wconf 84' lang='grc' dir='ltr'><strong><em>γῦπες</em></strong></span> <span class='ocrx_word' id='word_1_64' title='bbox 1119 1025 1166 1084; x_wconf 73' lang='lat' dir='ltr'><strong><em>al·</em></strong></span> 
     </span>
     <span class='ocr_line' id='line_1_9' title="bbox 151 1117 1165 1215; baseline 0.004 -27"><span class='ocrx_word' id='word_1_65' title='bbox 151 1140 219 1190; x_wconf 92' lang='grc' dir='ltr'><strong><em>σιοι</em></strong></span> <span class='ocrx_word' id='word_1_66' title='bbox 241 1120 420 1208; x_wconf 85' lang='grc' dir='ltr'><strong><em>πετόμενοι</em></strong></span> <span class='ocrx_word' id='word_1_67' title='bbox 443 1119 629 1207; x_wconf 79' lang='grc' dir='ltr'><strong><em>ῶφθησαν,</em></strong></span> <span class='ocrx_word' id='word_1_68' title='bbox 653 1117 714 1200; x_wconf 84' lang='grc' dir='ltr'><strong><em>οός</em></strong></span> <span class='ocrx_word' id='word_1_69' title='bbox 737 1119 822 1189; x_wconf 87' lang='grc' dir='ltr'><strong><em>ίδῶν</em></strong></span> <span class='ocrx_word' id='word_1_70' title='bbox 840 1130 965 1211; x_wconf 79' lang='grc' dir='ltr'><strong><em>θαρρεῖ</em></strong></span> <span class='ocrx_word' id='word_1_71' title='bbox 984 1147 1019 1190; x_wconf 91' lang='grc' dir='ltr'><strong><em>τε</em></strong></span> <span class='ocrx_word' id='word_1_72' title='bbox 1041 1124 1099 1191; x_wconf 83' lang='grc' dir='ltr'><strong><em>καί</em></strong></span> <span class='ocrx_word' id='word_1_73' title='bbox 1121 1128 1165 1215; x_wconf 77' lang='grc' dir='ltr'><strong><em>τῶ</em></strong></span> 
     </span>
     <span class='ocr_line' id='line_1_10' title="bbox 146 1224 1166 1320; baseline 0.002 -23"><span class='ocrx_word' id='word_1_74' title='bbox 146 1225 261 1320; x_wconf 83' lang='grc' dir='ltr'><strong><em>Ῥῶμφ</em></strong></span> <span class='ocrx_word' id='word_1_75' title='bbox 294 1229 404 1310; x_wconf 85' lang='grc' dir='ltr'><strong><em>δείξας</em></strong></span> <span class='ocrx_word' id='word_1_76' title='bbox 435 1229 539 1315; x_wconf 81' lang='grc' dir='ltr'><strong><em>λέγει,</em></strong></span> <span class='ocrx_word' id='word_1_77' title='bbox 574 1233 616 1295; x_wconf 94' lang='grc' dir='ltr'><strong><em>Τί</em></strong></span> <span class='ocrx_word' id='word_1_78' title='bbox 646 1224 711 1316; x_wconf 86' lang='grc' dir='ltr'><strong><em>γάρ</em></strong></span> <span class='ocrx_word' id='word_1_79' title='bbox 739 1224 846 1308; x_wconf 74' lang='grc' dir='ltr'><strong><em>ἀξιοῖς</em></strong></span> <span class='ocrx_word' id='word_1_80' title='bbox 872 1227 913 1296; x_wconf 83' lang='grc' dir='ltr'><strong><em>τὰ</em></strong></span> <span class='ocrx_word' id='word_1_81' title='bbox 939 1227 1043 1297; x_wconf 89' lang='grc' dir='ltr'><strong><em>πάλαι</em></strong></span> <span class='ocrx_word' id='word_1_82' title='bbox 1072 1229 1166 1318; x_wconf 78' lang='grc' dir='ltr'><strong><em>γενό·</em></strong></span> 
     </span>
     <span class='ocr_line' id='line_1_11' title="bbox 112 1332 1167 1424; baseline 0.002 -21"><span class='ocrx_word' id='word_1_83' title='bbox 112 1363 139 1403; x_wconf 83' lang='grc' dir='ltr'><strong><em>ιο</em></strong></span> <span class='ocrx_word' id='word_1_84' title='bbox 151 1360 236 1423; x_wconf 90' lang='grc' dir='ltr'><strong><em>μενα</em></strong></span> <span class='ocrx_word' id='word_1_85' title='bbox 260 1346 399 1423; x_wconf 76' lang='grc' dir='ltr'><strong><em>μαθεῑνς</em></strong></span> <span class='ocrx_word' id='word_1_86' title='bbox 421 1334 540 1415; x_wconf 89' lang='grc' dir='ltr'><strong><em>τοόςδε</em></strong></span> <span class='ocrx_word' id='word_1_87' title='bbox 561 1332 626 1424; x_wconf 84' lang='grc' dir='ltr'><strong><em>γάρ</em></strong></span> <span class='ocrx_word' id='word_1_88' title='bbox 651 1333 779 1422; x_wconf 82' lang='grc' dir='ltr'><strong><em>δήπου</em></strong></span> <span class='ocrx_word' id='word_1_89' title='bbox 801 1333 881 1415; x_wconf 85' lang='grc' dir='ltr'><strong><em>τοὺς</em></strong></span> <span class='ocrx_word' id='word_1_90' title='bbox 905 1333 1049 1416; x_wconf 84' lang='grc' dir='ltr'><strong><em>οίοονοὺς</em></strong></span> <span class='ocrx_word' id='word_1_91' title='bbox 1068 1333 1167 1418; x_wconf 79' lang='grc' dir='ltr'><strong><em>αὐτὸς</em></strong></span> 
     </span>
     <span class='ocr_line' id='line_1_12' title="bbox 150 1438 1167 1533; baseline 0.003 -24"><span class='ocrx_word' id='word_1_92' title='bbox 150 1439 239 1533; x_wconf 65' lang='grc' dir='ltr'><strong><em>δρᾷς·</em></strong></span> <span class='ocrx_word' id='word_1_93' title='bbox 291 1444 308 1513; x_wconf 86' lang='grc' dir='ltr'><em>ὃ</em></span> <span class='ocrx_word' id='word_1_94' title='bbox 341 1442 379 1510; x_wconf 76' lang='grc' dir='ltr'><strong><em>δὲ</em></strong></span> <span class='ocrx_word' id='word_1_95' title='bbox 414 1438 596 1528; x_wconf 74' lang='grc' dir='ltr'><strong><em>ἀγανακτεῖ</em></strong></span> <span class='ocrx_word' id='word_1_96' title='bbox 632 1467 667 1510; x_wconf 87' lang='grc' dir='ltr'><strong><em>τε</em></strong></span> <span class='ocrx_word' id='word_1_97' title='bbox 704 1441 761 1508; x_wconf 83' lang='grc' dir='ltr'><strong><em>καὶ</em></strong></span> <span class='ocrx_word' id='word_1_98' title='bbox 799 1438 894 1509; x_wconf 83' lang='grc' dir='ltr'><strong><em>δεινὰ</em></strong></span> <span class='ocrx_word' id='word_1_99' title='bbox 932 1455 1091 1529; x_wconf 77' lang='grc' dir='ltr'><strong><em>ποιεῖται,</em></strong></span> <span class='ocrx_word' id='word_1_100' title='bbox 1124 1440 1167 1525; x_wconf 83' lang='grc' dir='ltr'><strong><em>ῶς</em></strong></span> 
     </span>
     <span class='ocr_line' id='line_1_13' title="bbox 151 1544 1166 1639; baseline 0.001 -22"><span class='ocrx_word' id='word_1_101' title='bbox 151 1550 372 1639; x_wconf 78' lang='grc' dir='ltr'><strong><em>διηρτημένος</em></strong></span> <span class='ocrx_word' id='word_1_102' title='bbox 402 1545 461 1616; x_wconf 71' lang='grc' dir='ltr'><strong><em>ἀπ’</em></strong></span> <span class='ocrx_word' id='word_1_103' title='bbox 492 1546 615 1634; x_wconf 77' lang='grc' dir='ltr'><strong><em>αὐτοῦ,</em></strong></span> <span class='ocrx_word' id='word_1_104' title='bbox 645 1551 704 1634; x_wconf 77' lang='grc' dir='ltr'><strong><em>τῆς</em></strong></span> <span class='ocrx_word' id='word_1_105' title='bbox 740 1572 775 1615; x_wconf 86' lang='grc' dir='ltr'><strong><em>τε</em></strong></span> <span class='ocrx_word' id='word_1_106' title='bbox 809 1545 964 1628; x_wconf 79' lang='grc' dir='ltr'><strong><em>ἀποικίας</em></strong></span> <span class='ocrx_word' id='word_1_107' title='bbox 996 1544 1037 1617; x_wconf 81' lang='grc' dir='ltr'><strong><em>οὐ</em></strong></span> <span class='ocrx_word' id='word_1_108' title='bbox 1066 1549 1166 1638; x_wconf 76' lang='grc' dir='ltr'><strong><em>μεδή·</em></strong></span> 
     </span>
     <span class='ocr_line' id='line_1_14' title="bbox 152 1653 526 1746; baseline -0.003 -23"><span class='ocrx_word' id='word_1_109' title='bbox 152 1664 274 1724; x_wconf 79' lang='grc' dir='ltr'><strong><em>σεσθαι</em></strong></span> <span class='ocrx_word' id='word_1_110' title='bbox 297 1653 387 1746; x_wconf 77' lang='grc' dir='ltr'><strong><em>αὐτῷ</em></strong></span> <span class='ocrx_word' id='word_1_111' title='bbox 411 1672 526 1742; x_wconf 92' lang='grc' dir='ltr'><strong><em>φησιν.</em></strong></span> 
     </span>
     <span class='ocr_line' id='line_1_15' title="bbox 189 1758 1168 1851; baseline 0.003 -22"><span class='ocrx_word' id='word_1_112' title='bbox 189 1763 221 1815; x_wconf 81' lang='grc'><em>)</em></span> <span class='ocrx_word' id='word_1_113' title='bbox 240 1763 438 1829; x_wconf 81' lang='lat' dir='ltr'>LXXXVIL</span> <span class='ocrx_word' id='word_1_114' title='bbox 472 1758 659 1829; x_wconf 87' lang='grc' dir='ltr'><strong><em>Ἀνίσταται</em></strong></span> <span class='ocrx_word' id='word_1_115' title='bbox 687 1758 728 1847; x_wconf 80' lang='grc' dir='ltr'><strong><em>δὴ</em></strong></span> <span class='ocrx_word' id='word_1_116' title='bbox 758 1761 793 1828; x_wconf 85' lang='grc' dir='ltr'><strong><em>έκ</em></strong></span> <span class='ocrx_word' id='word_1_117' title='bbox 820 1759 944 1829; x_wconf 82' lang='grc' dir='ltr'><strong><em>τούτου</em></strong></span> <span class='ocrx_word' id='word_1_118' title='bbox 967 1767 1089 1848; x_wconf 78' lang='grc' dir='ltr'><strong><em>μείζων</em></strong></span> <span class='ocrx_word' id='word_1_119' title='bbox 1110 1767 1168 1851; x_wconf 79' lang='grc' dir='ltr'><strong><em>τῆς</em></strong></span> 
     </span>
     <span class='ocr_line' id='line_1_16' title="bbox 113 1865 1167 1957; baseline 0.005 -24"><span class='ocrx_word' id='word_1_120' title='bbox 113 1893 140 1933; x_wconf 78' lang='grc' dir='ltr'><strong><em>ιε</em></strong></span> <span class='ocrx_word' id='word_1_121' title='bbox 153 1869 316 1957; x_wconf 81' lang='grc' dir='ltr'><strong><em>προτέρας</em></strong></span> <span class='ocrx_word' id='word_1_122' title='bbox 348 1873 416 1955; x_wconf 77' lang='grc' dir='ltr'><strong><em>ἔρις</em></strong></span> <span class='ocrx_word' id='word_1_123' title='bbox 448 1868 605 1955; x_wconf 82' lang='grc' dir='ltr'><strong><em>ἑκατέρου</em></strong></span> <span class='ocrx_word' id='word_1_124' title='bbox 632 1865 670 1936; x_wconf 87' lang='grc' dir='ltr'><strong><em>τὸ</em></strong></span> <span class='ocrx_word' id='word_1_125' title='bbox 697 1867 800 1935; x_wconf 83' lang='grc' dir='ltr'><strong><em>πλέον</em></strong></span> <span class='ocrx_word' id='word_1_126' title='bbox 834 1872 921 1955; x_wconf 83' lang='grc' dir='ltr'><strong><em>ἔχειν</em></strong></span> <span class='ocrx_word' id='word_1_127' title='bbox 949 1866 1091 1955; x_wconf 78' lang='grc' dir='ltr'><strong><em>ἀφανῶς</em></strong></span> <span class='ocrx_word' id='word_1_128' title='bbox 1121 1873 1167 1938; x_wconf 93' lang='grc' dir='ltr'><strong><em>δι-</em></strong></span> 
     </span>
     <span class='ocr_line' id='line_1_17' title="bbox 152 1969 1169 2062; baseline 0.002 -20"><span class='ocrx_word' id='word_1_129' title='bbox 152 1976 369 2062; x_wconf 87' lang='grc' dir='ltr'><strong><em>καιουμένου,</em></strong></span> <span class='ocrx_word' id='word_1_130' title='bbox 391 1973 430 2042; x_wconf 88' lang='grc' dir='ltr'><strong><em>τὸ</em></strong></span> <span class='ocrx_word' id='word_1_131' title='bbox 445 1973 483 2042; x_wconf 78' lang='grc' dir='ltr'><strong><em>δὲ</em></strong></span> <span class='ocrx_word' id='word_1_132' title='bbox 497 1971 542 2060; x_wconf 81' lang='grc' dir='ltr'><strong><em>μὴ</em></strong></span> <span class='ocrx_word' id='word_1_133' title='bbox 557 1981 653 2061; x_wconf 83' lang='grc' dir='ltr'><strong><em>μείον</em></strong></span> <span class='ocrx_word' id='word_1_134' title='bbox 668 1969 872 2060; x_wconf 89' lang='grc' dir='ltr'><strong><em>ἀναφανδὸν</em></strong></span> <span class='ocrx_word' id='word_1_135' title='bbox 886 1972 951 2042; x_wconf 90' lang='grc' dir='ltr'><strong><em>ἀπὸ</em></strong></span> <span class='ocrx_word' id='word_1_136' title='bbox 966 1973 1169 2056; x_wconf 81' lang='grc' dir='ltr'><strong><em>δικαιῶσεοις</em></strong></span> 
     </span>
     <span class='ocr_line' id='line_1_18' title="bbox 152 2073 1168 2170; baseline 0.001 -21"><span class='ocrx_word' id='word_1_137' title='bbox 152 2085 285 2162; x_wconf 85' lang='grc' dir='ltr'><strong><em>τοιάςδε</em></strong></span> <span class='ocrx_word' id='word_1_138' title='bbox 305 2079 597 2160; x_wconf 81' lang='grc' dir='ltr'><strong><em>ἐπισυνάπτοντος.</em></strong></span> <span class='ocrx_word' id='word_1_139' title='bbox 630 2081 811 2169; x_wconf 76' lang='grc' dir='ltr'><strong><em>εἰρημένον</em></strong></span> <span class='ocrx_word' id='word_1_140' title='bbox 829 2077 893 2170; x_wconf 84' lang='grc' dir='ltr'><strong><em>γάρ</em></strong></span> <span class='ocrx_word' id='word_1_141' title='bbox 911 2073 955 2167; x_wconf 78' lang='grc' dir='ltr'><strong><em>ἦν</em></strong></span> <span class='ocrx_word' id='word_1_142' title='bbox 974 2077 1090 2162; x_wconf 73' lang='grc' dir='ltr'><strong><em>αὐτοῖς</em></strong></span> <span class='ocrx_word' id='word_1_143' title='bbox 1103 2079 1168 2152; x_wconf 79' lang='grc' dir='ltr'><strong><em>ὑπὸ</em></strong></span> 
     </span>
     <span class='ocr_line' id='line_1_19' title="bbox 152 2183 1170 2279; baseline 0.002 -23"><span class='ocrx_word' id='word_1_144' title='bbox 152 2191 214 2256; x_wconf 80' lang='grc' dir='ltr'><strong><em>τοῦ</em></strong></span> <span class='ocrx_word' id='word_1_145' title='bbox 233 2189 494 2276; x_wconf 78' lang='grc' dir='ltr'><strong><em>μητροπάτορος,</em></strong></span> <span class='ocrx_word' id='word_1_146' title='bbox 516 2184 582 2279; x_wconf 81' lang='grc' dir='ltr'><strong><em>ότφ</em></strong></span> <span class='ocrx_word' id='word_1_147' title='bbox 604 2183 648 2255; x_wconf 87' lang='grc' dir='ltr'><strong><em>ἀν</em></strong></span> <span class='ocrx_word' id='word_1_148' title='bbox 669 2189 818 2278; x_wconf 77' lang='grc' dir='ltr'><strong><em>προτέρῳ</em></strong></span> <span class='ocrx_word' id='word_1_149' title='bbox 839 2193 1009 2275; x_wconf 88' lang='grc' dir='ltr'><strong><em>κρείττους</em></strong></span> <span class='ocrx_word' id='word_1_150' title='bbox 1032 2187 1170 2275; x_wconf 76' lang='grc' dir='ltr'><strong><em>ὄρνιθες</em></strong></span> 
     </span>
     <span class='ocr_line' id='line_1_20' title="bbox 154 2291 1170 2382; baseline 0.001 -19"><span class='ocrx_word' id='word_1_151' title='bbox 154 2294 395 2382; x_wconf 79' lang='grc' dir='ltr'><strong><em>ἐπισημήνωσι,</em></strong></span> <span class='ocrx_word' id='word_1_152' title='bbox 418 2304 541 2362; x_wconf 85' lang='grc' dir='ltr'><strong><em>τοῦτον</em></strong></span> <span class='ocrx_word' id='word_1_153' title='bbox 564 2291 679 2382; x_wconf 85' lang='grc' dir='ltr'><strong><em>ἀρχειν</em></strong></span> <span class='ocrx_word' id='word_1_154' title='bbox 704 2295 763 2381; x_wconf 78' lang='grc' dir='ltr'><strong><em>τῆς</em></strong></span> <span class='ocrx_word' id='word_1_155' title='bbox 786 2291 945 2374; x_wconf 86' lang='grc' dir='ltr'><strong><em>ἀποικίας.</em></strong></span> <span class='ocrx_word' id='word_1_156' title='bbox 988 2296 1111 2381; x_wconf 83' lang='grc' dir='ltr'><strong><em>γένους</em></strong></span> <span class='ocrx_word' id='word_1_157' title='bbox 1134 2295 1170 2364; x_wconf 70' lang='grc' dir='ltr'><strong><em>δέ</em></strong></span> 
     </span>
     <span class='ocr_line' id='line_1_21' title="bbox 114 2397 1216 2494; baseline 0.005 -29"><span class='ocrx_word' id='word_1_158' title='bbox 114 2426 141 2466; x_wconf 82' lang='grc' dir='ltr'><strong><em>νο</em></strong></span> <span class='ocrx_word' id='word_1_159' title='bbox 156 2399 309 2490; x_wconf 77' lang='grc' dir='ltr'><strong><em>όρνίδων</em></strong></span> <span class='ocrx_word' id='word_1_160' title='bbox 338 2399 415 2480; x_wconf 84' lang='grc' dir='ltr'><strong><em>ἑνὸς</em></strong></span> <span class='ocrx_word' id='word_1_161' title='bbox 442 2399 573 2488; x_wconf 83' lang='grc' dir='ltr'><strong><em>ἀμφοῖν</em></strong></span> <span class='ocrx_word' id='word_1_162' title='bbox 595 2399 765 2487; x_wconf 77' lang='grc' dir='ltr'><strong><em>ὀφθέντος</em></strong></span> <span class='ocrx_word' id='word_1_163' title='bbox 793 2397 811 2469; x_wconf 87' lang='grc' dir='ltr'>ὁ</span> <span class='ocrx_word' id='word_1_164' title='bbox 835 2400 896 2487; x_wconf 74' lang='grc' dir='ltr'><strong><em>μὲν</em></strong></span> <span class='ocrx_word' id='word_1_165' title='bbox 924 2405 969 2494; x_wconf 72' lang='grc' dir='ltr'><strong><em>τῷ</em></strong></span> <span class='ocrx_word' id='word_1_166' title='bbox 993 2407 1216 2491; x_wconf 66' lang='grc' dir='ltr'><strong><em>πρότεροςμνε</em></strong></span> 
     </span>
     <span class='ocr_line' id='line_1_22' title="bbox 154 2505 1172 2600; baseline 0.002 -24"><span class='ocrx_word' id='word_1_167' title='bbox 154 2505 232 2576; x_wconf 74' lang='grc' dir='ltr'><strong><em>ὁδέ</em></strong></span> <span class='ocrx_word' id='word_1_168' title='bbox 258 2512 304 2600; x_wconf 78' lang='grc' dir='ltr'><strong><em>τῷ</em></strong></span> <span class='ocrx_word' id='word_1_169' title='bbox 335 2512 471 2587; x_wconf 93' lang='grc' dir='ltr'><strong><em>πλείους</em></strong></span> <span class='ocrx_word' id='word_1_170' title='bbox 503 2510 589 2575; x_wconf 85' lang='grc' dir='ltr'><strong><em>ίδεῑν</em></strong></span> <span class='ocrx_word' id='word_1_171' title='bbox 617 2508 826 2594; x_wconf 81' lang='grc' dir='ltr'><strong><em>ἐκρατύνετο.</em></strong></span> <span class='ocrx_word' id='word_1_172' title='bbox 872 2507 1107 2595; x_wconf 77' lang='grc' dir='ltr'><strong><em>συνελάμβανε</em></strong></span> <span class='ocrx_word' id='word_1_173' title='bbox 1135 2509 1172 2578; x_wconf 74' lang='grc' dir='ltr'><strong><em>δέ</em></strong></span> 
     </span>
    </p>
   </div>
   <div class='ocr_carea' id='block_1_3' title="bbox 115 2604 1181 2920">
    <p class='ocr_par' dir='ltr' id='par_1_3' title="bbox 115 2604 1181 2920">
     <span class='ocr_line' id='line_1_23' title="bbox 154 2604 1181 2704; baseline 0.003 -22"><span class='ocrx_word' id='word_1_174' title='bbox 154 2612 268 2695; x_wconf 72' lang='grc' dir='ltr'><strong><em>αὐτοῖς</em></strong></span> <span class='ocrx_word' id='word_1_175' title='bbox 295 2619 354 2701; x_wconf 81' lang='grc' dir='ltr'><strong><em>της</em></strong></span> <span class='ocrx_word' id='word_1_176' title='bbox 383 2619 592 2701; x_wconf 91' lang='grc' dir='ltr'><strong><em>φιλονεικίας</em></strong></span> <span class='ocrx_word' id='word_1_177' title='bbox 618 2614 674 2681; x_wconf 82' lang='grc' dir='ltr'><strong><em>καί</em></strong></span> <span class='ocrx_word' id='word_1_178' title='bbox 701 2611 738 2682; x_wconf 89' lang='grc' dir='ltr'><strong><em>τὸ</em></strong></span> <span class='ocrx_word' id='word_1_179' title='bbox 767 2611 850 2681; x_wconf 87' lang='grc' dir='ltr'><strong><em>ἀλλο</em></strong></span> <span class='ocrx_word' id='word_1_180' title='bbox 880 2617 1012 2701; x_wconf 79' lang='grc' dir='ltr'><strong><em>πλῆθος</em></strong></span> <span class='ocrx_word' id='word_1_181' title='bbox 1034 2604 1118 2704; x_wconf 76' lang='grc' dir='ltr'><strong><em>ἦρξέ</em></strong></span> <span class='ocrx_word' id='word_1_182' title='bbox 1137 2632 1181 2685; x_wconf 83' lang='grc' dir='ltr'><strong><em>τε·</em></strong></span> 
     </span>
     <span class='ocr_line' id='line_1_24' title="bbox 153 2718 1173 2808; baseline 0.003 -19"><span class='ocrx_word' id='word_1_183' title='bbox 153 2722 302 2808; x_wconf 88' lang='grc' dir='ltr'><strong><em>πολέμου</em></strong></span> <span class='ocrx_word' id='word_1_184' title='bbox 334 2726 411 2808; x_wconf 86' lang='grc' dir='ltr'><strong><em>δίχα</em></strong></span> <span class='ocrx_word' id='word_1_185' title='bbox 442 2726 510 2790; x_wconf 86' lang='grc' dir='ltr'><strong><em>τῶν</em></strong></span> <span class='ocrx_word' id='word_1_186' title='bbox 539 2718 718 2808; x_wconf 81' lang='grc' dir='ltr'><strong><em>ἡγεμόνων</em></strong></span> <span class='ocrx_word' id='word_1_187' title='bbox 746 2718 925 2808; x_wconf 84' lang='grc' dir='ltr'><strong><em>ὁπλισθέν,</em></strong></span> <span class='ocrx_word' id='word_1_188' title='bbox 957 2721 1018 2789; x_wconf 83' lang='grc' dir='ltr'><strong><em>καὶ.</em></strong></span> <span class='ocrx_word' id='word_1_189' title='bbox 1042 2728 1173 2808; x_wconf 85' lang='grc' dir='ltr'><strong><em>γίνεται</em></strong></span> 
     </span>
     <span class='ocr_line' id='line_1_25' title="bbox 115 2825 1172 2920; baseline -0.003 -21"><span class='ocrx_word' id='word_1_190' title='bbox 115 2836 135 2899; x_wconf 86' lang='grc'>2</span> <span class='ocrx_word' id='word_1_191' title='bbox 154 2827 244 2917; x_wconf 82' lang='grc' dir='ltr'><strong><em>μάχη</em></strong></span> <span class='ocrx_word' id='word_1_192' title='bbox 267 2826 409 2918; x_wconf 78' lang='grc' dir='ltr'><strong><em>καρτεροὶ</em></strong></span> <span class='ocrx_word' id='word_1_193' title='bbox 433 2829 489 2897; x_wconf 83' lang='grc' dir='ltr'><strong><em>καὶ</em></strong></span> <span class='ocrx_word' id='word_1_194' title='bbox 512 2829 620 2915; x_wconf 88' lang='grc' dir='ltr'><strong><em>φόνος</em></strong></span> <span class='ocrx_word' id='word_1_195' title='bbox 642 2829 675 2911; x_wconf 78' lang='grc' dir='ltr'><strong><em>ἐξ</em></strong></span> <span class='ocrx_word' id='word_1_196' title='bbox 698 2825 826 2915; x_wconf 74' lang='grc' dir='ltr'><strong><em>ἀμφοῖν</em></strong></span> <span class='ocrx_word' id='word_1_197' title='bbox 849 2827 962 2909; x_wconf 88' lang='grc' dir='ltr'><strong><em>πολός.</em></strong></span> <span class='ocrx_word' id='word_1_198' title='bbox 1006 2831 1044 2896; x_wconf 85' lang='grc' dir='ltr'><strong><em>έν</em></strong></span> <span class='ocrx_word' id='word_1_199' title='bbox 1066 2829 1172 2920; x_wconf 75' lang='grc' dir='ltr'><strong><em>ταύτῃ</em></strong></span> 
     </span>
    </p>
   </div>
   <div class='ocr_carea' id='block_1_4' title="bbox 155 2983 1176 3559">
    <p class='ocr_par' dir='ltr' id='par_1_4' title="bbox 155 2983 1176 3559">
     <span class='ocr_line' id='line_1_26' title="bbox 227 2983 1175 3060; baseline 0.001 -15"><span class='ocrx_word' id='word_1_200' title='bbox 227 2996 243 3045; x_wconf 86' lang='grc'><strong>6</strong></span> <span class='ocrx_word' id='word_1_201' title='bbox 271 2984 356 3051; x_wconf 86' lang='grc' dir='ltr'><strong><em>ὅσους</em></strong></span> <span class='ocrx_word' id='word_1_202' title='bbox 383 2984 464 3051; x_wconf 88' lang='grc' dir='ltr'><strong><em>τινδις</em></strong></span> <span class='ocrx_word' id='word_1_203' title='bbox 490 2989 537 3044; x_wconf 86' lang='lat' dir='ltr'><strong><em>vel</em></strong></span> <span class='ocrx_word' id='word_1_204' title='bbox 566 2983 691 3051; x_wconf 84' lang='grc' dir='ltr'><strong><em>ὁπόσους</em></strong></span> <span class='ocrx_word' id='word_1_205' title='bbox 718 2983 797 3050; x_wconf 85' lang='grc' dir='ltr'><strong><em>τινάς</em></strong></span> <span class='ocrx_word' id='word_1_206' title='bbox 825 3006 848 3042; x_wconf 87' lang='grc' dir='ltr'><strong><em>ο.</em></strong></span> <span class='ocrx_word' id='word_1_207' title='bbox 871 2987 973 3042; x_wconf 77' lang='lat' dir='ltr'>Reiske</span> <span class='ocrx_word' id='word_1_208' title='bbox 1055 2994 1071 3043; x_wconf 85' lang='grc'>9</span> <span class='ocrx_word' id='word_1_209' title='bbox 1096 2989 1175 3060; x_wconf 86' lang='grc' dir='ltr'><strong><em>λέγει</em></strong></span> 
     </span>
     <span class='ocr_line' id='line_1_27' title="bbox 156 3055 1176 3133; baseline -0.001 -18"><span class='ocrx_word' id='word_1_210' title='bbox 156 3061 253 3126; x_wconf 81' lang='grc' dir='ltr'><strong><em>δείξας</em></strong></span> <span class='ocrx_word' id='word_1_211' title='bbox 279 3055 347 3122; x_wconf 82' lang='grc' dir='ltr'><strong><em>τοδς</em></strong></span> <span class='ocrx_word' id='word_1_212' title='bbox 374 3055 619 3133; x_wconf 83' lang='grc' dir='ltr'><strong><em>&lt;ο&gt;ίων..οόςΒ</em></strong></span> <span class='ocrx_word' id='word_1_213' title='bbox 705 3066 738 3114; x_wconf 79' lang='lat'><strong><em>12</em></strong></span> <span class='ocrx_word' id='word_1_214' title='bbox 767 3058 976 3130; x_wconf 83' lang='grc' dir='ltr'><strong><em>διηπατημένος</em></strong></span> <span class='ocrx_word' id='word_1_215' title='bbox 1005 3076 1027 3113; x_wconf 80' lang='grc' dir='ltr'><strong><em>υ.</em></strong></span> <span class='ocrx_word' id='word_1_216' title='bbox 1056 3059 1176 3131; x_wconf 72' lang='lat' dir='ltr'>Madvig</span> 
     </span>
     <span class='ocr_line' id='line_1_28' title="bbox 155 3126 1173 3202; baseline 0.003 -16"><span class='ocrx_word' id='word_1_217' title='bbox 155 3132 227 3186; x_wconf 81' lang='lat' dir='ltr'><strong>Adv.</strong></span> <span class='ocrx_word' id='word_1_218' title='bbox 247 3132 259 3184; x_wconf 95' lang='lat' dir='ltr'>I</span> <span class='ocrx_word' id='word_1_219' title='bbox 278 3150 305 3202; x_wconf 88' lang='lat' dir='ltr'><strong><em>p.</em></strong></span> <span class='ocrx_word' id='word_1_220' title='bbox 326 3137 377 3186; x_wconf 79' lang='lat'><strong><em>‘125</em></strong></span> <span class='ocrx_word' id='word_1_221' title='bbox 452 3135 486 3184; x_wconf 80' lang='lat'><strong><em>14</em></strong></span> <span class='ocrx_word' id='word_1_222' title='bbox 505 3129 579 3184; x_wconf 74' lang='grc' dir='ltr'><strong><em>δὲΒ</em></strong></span> <span class='ocrx_word' id='word_1_223' title='bbox 652 3134 685 3184; x_wconf 82' lang='grc'><strong><em>15</em></strong></span> <span class='ocrx_word' id='word_1_224' title='bbox 704 3126 736 3185; x_wconf 86' lang='grc' dir='ltr'><strong><em>τὸ</em></strong></span> <span class='ocrx_word' id='word_1_225' title='bbox 757 3130 779 3186; x_wconf 93' lang='lat'>0</span> <span class='ocrx_word' id='word_1_226' title='bbox 799 3129 848 3184; x_wconf 76' lang='grc' dir='ltr'><strong><em>τοῦ</em></strong></span> <span class='ocrx_word' id='word_1_227' title='bbox 870 3131 981 3200; x_wconf 81' lang='lat' dir='ltr'>Sauppe</span> <span class='ocrx_word' id='word_1_228' title='bbox 1001 3129 1075 3200; x_wconf 84' lang='lat' dir='ltr'><strong>Eph.</strong></span> <span class='ocrx_word' id='word_1_229' title='bbox 1095 3132 1173 3188; x_wconf 51' lang='lat' dir='ltr'><strong><em>Goth</em></strong></span> 
     </span>
     <span class='ocr_line' id='line_1_29' title="bbox 157 3197 1174 3273; baseline 0.002 -17"><span class='ocrx_word' id='word_1_230' title='bbox 157 3209 227 3259; x_wconf 86' lang='grc'>1861</span> <span class='ocrx_word' id='word_1_231' title='bbox 247 3220 274 3272; x_wconf 89' lang='lat' dir='ltr'><strong><em>p.</em></strong></span> <span class='ocrx_word' id='word_1_232' title='bbox 296 3203 385 3271; x_wconf 87' lang='grc'>18641</span> <span class='ocrx_word' id='word_1_233' title='bbox 402 3197 522 3270; x_wconf 86' lang='grc' dir='ltr'><strong><em>ἀφανῶς</em></strong></span> <span class='ocrx_word' id='word_1_234' title='bbox 539 3200 610 3269; x_wconf 82' lang='grc' dir='ltr'><strong><em>τέως</em></strong></span> <span class='ocrx_word' id='word_1_235' title='bbox 624 3201 735 3273; x_wconf 80' lang='lat' dir='ltr'><strong>Sauppe</strong></span> <span class='ocrx_word' id='word_1_236' title='bbox 753 3201 805 3256; x_wconf 88' lang='grc'><strong><em>1.1.</em></strong></span> <span class='ocrx_word' id='word_1_237' title='bbox 823 3203 828 3269; x_wconf 92' lang='grc' dir='ltr'>Ι</span> <span class='ocrx_word' id='word_1_238' title='bbox 843 3199 1084 3272; x_wconf 84' lang='grc' dir='ltr'><strong><em>*διωκομένονΟ</em></strong></span> <span class='ocrx_word' id='word_1_239' title='bbox 1104 3205 1174 3258; x_wconf 87' lang='grc' dir='ltr'><strong><em>διοι-</em></strong></span> 
     </span>
     <span class='ocr_line' id='line_1_30' title="bbox 155 3267 1174 3346; baseline 0.001 -17"><span class='ocrx_word' id='word_1_240' title='bbox 155 3273 297 3345; x_wconf 87' lang='grc' dir='ltr'><strong><em>κονμένον</em></strong></span> <span class='ocrx_word' id='word_1_241' title='bbox 318 3272 442 3329; x_wconf 73' lang='lat' dir='ltr'><strong>Schmitz</strong></span> <span class='ocrx_word' id='word_1_242' title='bbox 466 3273 500 3326; x_wconf 85' lang='lat' dir='ltr'><strong><em>de</em></strong></span> <span class='ocrx_word' id='word_1_243' title='bbox 523 3271 605 3328; x_wconf 86' lang='lat' dir='ltr'><strong>Dion.</strong></span> <span class='ocrx_word' id='word_1_244' title='bbox 629 3272 682 3327; x_wconf 82' lang='lat' dir='ltr'><strong>loo.</strong></span> <span class='ocrx_word' id='word_1_245' title='bbox 706 3291 733 3342; x_wconf 87' lang='lat' dir='ltr'><strong><em>p.</em></strong></span> <span class='ocrx_word' id='word_1_246' title='bbox 754 3278 787 3327; x_wconf 89' lang='lat'><strong><em>10</em></strong></span> <span class='ocrx_word' id='word_1_247' title='bbox 811 3272 849 3346; x_wconf 81' lang='grc' dir='ltr'><strong><em>τῷ</em></strong></span> <span class='ocrx_word' id='word_1_248' title='bbox 867 3271 954 3328; x_wconf 81' lang='grc' dir='ltr'><strong><em>πλέον</em></strong></span> <span class='ocrx_word' id='word_1_249' title='bbox 978 3268 999 3328; x_wconf 82' lang='grc' dir='ltr'><strong><em>έ.</em></strong></span> <span class='ocrx_word' id='word_1_250' title='bbox 1020 3267 1048 3328; x_wconf 84' lang='grc' dir='ltr'><strong><em>ά.</em></strong></span> <span class='ocrx_word' id='word_1_251' title='bbox 1072 3275 1174 3330; x_wconf 79' lang='grc' dir='ltr'><strong><em>διωνο·</em></strong></span> 
     </span>
     <span class='ocr_line' id='line_1_31' title="bbox 155 3339 1175 3419; baseline 0.001 -18"><span class='ocrx_word' id='word_1_252' title='bbox 155 3345 233 3419; x_wconf 79' lang='grc' dir='ltr'><strong><em>μένῳ</em></strong></span> <span class='ocrx_word' id='word_1_253' title='bbox 251 3341 283 3400; x_wconf 86' lang='grc' dir='ltr'><strong><em>τὸ</em></strong></span> <span class='ocrx_word' id='word_1_254' title='bbox 303 3340 341 3416; x_wconf 84' lang='grc' dir='ltr'><strong><em>μὴ</em></strong></span> <span class='ocrx_word' id='word_1_255' title='bbox 361 3350 441 3414; x_wconf 81' lang='grc' dir='ltr'><strong><em>μεῖον</em></strong></span> <span class='ocrx_word' id='word_1_256' title='bbox 465 3343 581 3414; x_wconf 72' lang='lat' dir='ltr'>Madvig</span> <span class='ocrx_word' id='word_1_257' title='bbox 599 3344 618 3398; x_wconf 92' lang='lat' dir='ltr'><strong><em>l.</em></strong></span> <span class='ocrx_word' id='word_1_258' title='bbox 632 3344 651 3397; x_wconf 91' lang='lat' dir='ltr'><strong><em>l.</em></strong></span> <span class='ocrx_word' id='word_1_259' title='bbox 731 3350 764 3400; x_wconf 88' lang='grc'><strong><em>16</em></strong></span> <span class='ocrx_word' id='word_1_260' title='bbox 786 3339 818 3398; x_wconf 85' lang='grc' dir='ltr'><strong><em>τό</em></strong></span> <span class='ocrx_word' id='word_1_261' title='bbox 843 3339 881 3414; x_wconf 83' lang='grc' dir='ltr'><strong><em>μὴ</em></strong></span> <span class='ocrx_word' id='word_1_262' title='bbox 906 3349 988 3413; x_wconf 81' lang='grc' dir='ltr'><strong><em>μεῖον</em></strong></span> <span class='ocrx_word' id='word_1_263' title='bbox 1012 3344 1175 3414; x_wconf 67' lang='lat' dir='ltr'><strong>Stephanus</strong></span> 
     </span>
     <span class='ocr_line' id='line_1_32' title="bbox 155 3409 1175 3559; baseline 0.004 -19"><span class='ocrx_word' id='word_1_264' title='bbox 155 3409 597 3550; x_wconf 54' lang='lat' dir='ltr'><strong><em>‘³1‘3⁹3255224{v2225}⁸ffss⁹&gt;</em></strong></span> <span class='ocrx_word' id='word_1_265' title='bbox 613 3456 619 3470; x_wconf 89' lang='lat'>&#39;</span> <span class='ocrx_word' id='word_1_266' title='bbox 636 3410 1175 3559; x_wconf 46' lang='grc' dir='ltr'><strong><em>’τὸἷρῖἀιέλῗδέιάἶὴῖξλῖἒῗιῗόρθ</em></strong></span> 
     </span>
    </p>
   </div>
   <div class='ocr_carea' id='block_1_5' title="bbox 0 0 1240 3916">
    <p class='ocr_par' dir='ltr' id='par_1_5' title="bbox 0 0 1240 3916">
     <span class='ocr_line' id='line_1_33' title="bbox 0 0 1240 3916; baseline 0 0"><span class='ocrx_word' id='word_1_267' title='bbox 0 0 1240 3916; x_wconf 95' lang='lat' dir='ltr'><strong><em> </em></strong></span> 
     </span>
    </p>
   </div>
  </div>
 </body>
</html>
