2454 3916
482 225 648 279 ..Β-

54 391 144 463 θους
170 385 239 451 τῶν
267 386 637 472 προσκαταγραφέντων
669 391 877 517 βουλευτῶν
893 390 1072 475 διαφέρον-

53 514 118 557 ται.
165 487 206 558 ού
220 488 297 579 γὰρ
328 489 446 560 ἑκατὸν
473 490 558 560 ἄλλα
587 493 795 581 πεντήκοντα
822 492 900 574 τούς
928 497 1072 564 ἐπεισελ-

54 594 184 676 θόντας
207 602 255 677 είς
276 594 338 684 τὴν
366 596 496 686 βουλὴν
523 597 753 686 ἀποφαίνουσι
780 603 950 687 γενέσθαι
995 601 1071 690 περὶ
1091 603 1112 668 3

56 703 94 770 δὲ
116 707 185 772 τῶν
203 708 321 792 τιμῶν,
340 701 381 783 ἃς
397 718 470 784 ταῖς
488 707 644 791 γυναιξὶν
665 710 700 774 οί
720 713 870 794 βασιλεῖς
886 705 1070 793 ἆπέδοσαν,

10 807 113 878 ισσὸτι
137 809 332 896 συνήγαγον
361 807 482 891 αὐτούς
505 816 553 891 είς
580 818 714 899 φιλίαν,
743 811 805 901 οὐχ
832 812 975 894 ἅπαντες
992 811 1071 882 Ῥω·
1098 841 1112 883 ε

55 921 166 1003 μαίων
185 930 391 1004 συγγραφεῖς
409 920 648 1007 συμφέρονται.
679 920 770 1000 τινὲς
792 920 854 1008 μὲν
874 918 938 1009 γὰρ
958 918 1071 988 αὐτῶν

54 1021 226 1111 γράφουσι
249 1022 290 1092 τύ
311 1050 346 1092 τε
374 1022 460 1093 ἄλλα
482 1024 590 1095 πολλὰ
616 1029 673 1096 καλ
700 1027 827 1117 μεγύλα
851 1026 1072 1116 δωρήσασθαι

54 1143 128 1208 ταῖς
151 1132 283 1215 γυναιξὶ
310 1129 390 1212 τοὺς
416 1128 584 1218 ἡγεμόνας
606 1135 662 1202 καὶ
689 1133 733 1222 δὴ
760 1132 897 1215 καὶτὰς
920 1133 1073 1223 φράτρας

53 1235 235 1323 τριάκοντα
263 1235 380 1324 ούσας,
409 1236 520 1328 ῶσπερ
553 1245 655 1326 ἔφην,
689 1240 887 1328 ἐπωνύμους
916 1245 986 1308 τῶν
1011 1267 1071 1327 γυ-

54 1347 184 1412 ναικῶν
215 1347 367 1431 ποιῆσαι·
403 1345 568 1425 τοσαύτας
599 1345 664 1435 γὰρ
701 1344 789 1415 είυαι
820 1361 982 1432 γυναῖκας
1012 1344 1072 1427 τὰς
1086 1374 1112 1414 ιο

55 1453 410 1539 ἐπιπρεσβευσαμένας.
472 1451 639 1541 Οὐάρρων
681 1452 719 1521 δὲ
764 1453 937 1541 Τερέντιος
976 1450 1112 1520 τοῦτ’4

55 1556 170 1638 αύτοίς
196 1556 234 1626 τὸ
263 1561 364 1647 μέρος
393 1557 454 1645 οὐχ
483 1558 643 1647 ὁμολογεῖ
662 1565 863 1648 παλαίτερον
892 1565 940 1629 ἔτι
963 1562 1072 1647 λέγων

56 1667 122 1749 [ἐν]
146 1678 218 1744 ταῖς
239 1670 392 1753 κουρίαις
414 1671 558 1753 τεθῆναι
584 1664 626 1734 τὰ
650 1665 799 1755 ὀνόματα
825 1665 892 1736 ὑπὸ
914 1671 980 1738 τοῦ,
993 1664 1072 1734 Ῥω-

55 1770 167 1859 μύλου
193 1770 277 1840 κατὰ
303 1769 367 1859 τὴν
395 1772 532 1861 πρῶτην
564 1777 625 1841 τού
655 1773 810 1860 πλήθους
837 1777 1004 1862 διαίρεσιν
1030 1771 1072 1841 τὰ

55 1878 118 1966 μὲν
142 1875 198 1963 ’ἀπ’
224 1875 363 1965 ἀνδρῶν
386 1880 562 1966 ληφθέντα
584 1875 777 1967 ἡγεμόνων,
800 1877 841 1947 τὰ
864 1877 897 1946 δ’
922 1878 987 1947 ἀπὸ
1010 1878 1071 1947 πύ-
1086 1904 1112 1945 15

54 2007 140 2073 γων·
162 1984 222 2064 τύς
249 1982 278 2052 τ’
305 1985 358 2052 ἐπὶ
384 1983 447 2072 τὴν
475 1990 656 2073 πρεσβείαν
684 1984 886 2067 ἐξελθούσας
908 2000 1094 2072 γυναῖκαςΙ

56 2090 99 2160 ού
121 2090 301 2175 τριάκοντα
328 2087 420 2158 είναί
445 2110 566 2178 φησιν,
594 2088 679 2159 ἄλλα
705 2097 924 2172 πεντακοσίας
951 2119 987 2161 τε
1015 2093 1071 2160 καὶ

54 2196 236 2287 τριάκοντα
262 2200 365 2283 τριῶν
394 2196 537 2278 δεούσας
570 2202 678 2266 οἴεταί
700 2224 736 2266 τε
767 2196 842 2266 οὐδ’
868 2196 956 2278 είκὸς
983 2197 1071 2268 είναι

54 2303 228 2374 τοσούτων
251 2307 423 2390 γυναικῶν
447 2303 547 2391 τιμὴν
570 2302 801 2390 ἀφελομένους
822 2302 902 2384 τοὺς
923 2311 1071 2392 βασιλεῖς

56 2409 186 2497 ὀλίγαις
208 2412 241 2492 ἐξ
265 2408 376 2478 αὐτῶν
397 2414 518 2479 δοῦναι
537 2409 665 2498 μόναις.
710 2407 783 2478 ἄλλ’
804 2406 888 2498 ὑπὲρ
906 2409 968 2497 μὲν
988 2411 1065 2480 τού·
1079 2435 1107 2474 2⁰

10 2544 130 2598 ιςςτων
154 2515 231 2585 οὔτε
254 2519 383 2604 μηδένα
405 2517 616 2604 ποιήσασθαι
638 2516 742 2604 λόγον
767 2515 843 2586 ούτε
865 2523 968 2586 πλείω
991 2517 1072 2605 γρύ-
1143 2567 1148 2572 -

56 2649 136 2711 φειν
159 2627 227 2692 τῶν
251 2627 379 2692 ίκανῶν
402 2623 559 2711 ἐφαίνετό
583 2650 650 2711 μοι.

83 2754 119 2811 )
146 2731 360 2798 XXXXVIH.
383 2732 470 2820 Περὶ
494 2731 532 2800 δὲ
553 2735 612 2818 τῆς
629 2734 789 2819 Κυριτῶν
811 2729 950 2816 πόλεως,
974 2733 1008 2813 ἐξ
1032 2721 1073 2819 ἧς

57 2839 94 2905 οί
113 2837 189 2925 περὶ
211 2834 272 2906 τὸν
295 2836 418 2907 Τάτιον
440 2830 528 2926 ἦσαν
548 2836 695 2928 (ἀπαιτεῖ
709 2834 774 2926 γὰρ
797 2835 818 2924 ἡ
841 2836 995 2925 διήγησις
1016 2840 1073 2907 καλ
1106 2921 1108 2926 .
1152 2889 1155 2894 -

54 2943 133 3031 περὶ
164 2941 309 3029 τούτων,
342 2945 464 3024 οἵτινές
495 2970 531 3013 τε
561 2944 617 3012 καὶ
650 2942 778 3032 ὁπόθεν
810 2936 916 3031 ἦσαν,
949 2946 1069 3035 εἰπεῖν)
1084 2963 1110 3005 2⁵

55 3053 203 3119 τοσαύτα
234 3048 476 3138 παρελάβομεν.
521 3052 559 3119 ἐν
590 3052 630 3139 τῇ
657 3046 836 3118 Ρεατίνων
865 3049 958 3141 χῶρα
988 3049 1068 3118 καθ’

131 3216 165 3263 12
184 3181 280 3280 μέρος]
301 3229 387 3278 γερας
406 3227 428 3264 ο
447 3209 590 3279 Kiessling
610 3211 614 3278 Ι
636 3204 809 3290 παλαιτερύν
826 3227 856 3263 τε
877 3209 899 3264 Ο
919 3225 988 3264 corr
1008 3209 1046 3278 Sy
1046 3209 1071 3262 l-

55 3281 131 3352 burg
204 3277 288 3336 136
308 3280 404 3336 Odel.
420 3280 542 3368 Sylburg
561 3276 608 3335 ἐπὶ
627 3279 749 3336 Sintenis
767 3280 828 3335 Em.
843 3279 998 3348 DionIp.
1013 3279 1072 3403 wal

56 3353 170 3438 πυρίαις
187 3351 213 3404 A
287 3347 357 3407 16'
339 3349 396 3407 απὸ
416 3349 516 3422 πάγων
535 3346 721 3424 Kiessling’
703 3348 761 3406 απὸ
781 3348 896 3405 πάντων
914 3350 993 3404 BbR
1024 3345 1037 3404 ἐ

55 3419 174 3478 πάντων
197 3419 286 3477 Βο’
268 3419 325 3478 απὸ
349 3420 444 3478 τόπων
469 3422 592 3478 Smtems
614 3421 671 3478 11
755 3429 787 3476 17
812 3421 941 3490 φασινΒ
967 3423 971 3489 Ι
996 3421 1071 3474 τεΒ

55 3513 114 3552 om.
133 3495 160 3549 R
233 3499 265 3548 18
284 3492 398 3565 τρισλΟ
