2454 3916
143 198 319 293 εον
566 224 731 278 -Β-

25 434 30 443 -
143 385 260 472 τιόλιν,
283 383 367 474 πρὸς
389 398 460 464 τοῖς
482 383 597 464 ἄλλοις
620 383 771 452 ἐλάττοσι
793 381 835 451 τά
857 384 1074 470 μέγιστακαὶ
1096 410 1156 470 φα·

105 553 155 608 x
114 492 314 580 νεράτατα
335 492 431 560 ταῦτ’
454 483 507 578 ήν.

9 565 155 661 affl*
149 632 167 679 >
233 600 398 668 LXXIIII.
439 596 487 667 Τὰ
515 595 547 666 δ’
573 601 622 679 είς
648 595 817 666 εὐτέλειάν
845 596 959 665 τεκαὶ
982 595 1158 684 σωφροσά·

142 731 209 792 νην
231 703 358 792 ἄγοντα
378 703 441 774 τὸν
459 703 602 774 ἑκάστου
620 709 659 792 βί
657 731 697 773 ον
644 704 826 772 ίίκαὶ
794 707 826 771 εί
825 730 843 783 ς
860 696 1045 790 έκιθυμίαν
1061 728 1159 771 κατα-

103 841 117 884 ο
145 811 313 900 στήσαντα
333 816 393 900 τής
416 811 649 898 φυλαττούσης
675 813 721 880 ἐν’
735 809 878 902 ὁμονοία
899 807 963 897 τήν
984 807 1086 878 πόλιν
1109 814 1158 878 δι

142 919 325 1006 καιοσάνης
355 926 493 1016 πλείστα
526 916 604 1004 ὅσα,
641 916 683 986 τά
714 918 777 1005 μὲν
814 916 996 1006 ἐγγράφοις
1026 926 1159 1006 περιλη-

143 1027 276 1110 φθέντα
302 1025 436 1112 νόμοις,
463 1023 504 1094 τά
533 1022 565 1094 δ’
596 1027 658 1107 ἔξω
690 1027 824 1112 γραφής
855 1029 903 1104 είς
934 1024 1160 1112 ἐπιτηδεύσεις

143 1128 291 1218 ἀχθέντα
318 1132 374 1200 καὶ
401 1131 624 1218 συνασκήσεις
650 1137 822 1219 χρονίους·
859 1127 944 1219 ὑπὲρ
967 1122 1025 1200 ’ὧν
1055 1129 1160 1201 ἁπάν-

142 1265 211 1306 των
239 1237 301 1324 μδν
328 1236 416 1307 πολὺ
442 1234 486 1307 άν
515 1243 617 1326 ἔργον
643 1239 848 1326 είηλέγειν,
871 1237 1003 1326 ἀρκέσει
1032 1239 1072 1308 δὲ
1095 1239 1159 1308 δύο

103 1343 183 1413 ιοτά
212 1350 368 1432 μεγίστης
394 1345 526 1433 μνήμης
558 1345 704 1433 τυχόντα
734 1344 895 1434 τεκμήρια
923 1347 1071 1415 καὶτῶν
1097 1344 1154 1414 άλ
1162 1364 1207 1415 396

104 1453 215 1559 2λων
241 1455 415 1538 γενέσθαι·
452 1457 512 1541 τής
539 1453 602 1541 μὲν
629 1449 827 1540 αὐταρκείας
857 1457 913 1522 καὶ
941 1456 1004 1522 τοῦ
1030 1454 1160 1584 μηδένα

143 1562 212 1628 τάν
235 1556 422 1646 άλλοτρίων
450 1555 670 1647 ἐπιθυμεῖν
651 1585 673 1645 η
700 1559 777 1645 περὶ
804 1559 885 1640 τοὺς
907 1557 1069 1648 ὁρισμοὺς
1090 1563 1161 1628 τῶν

143 1664 293 1754 κτήσεων
320 1668 518 1755 νομοθεσία.
567 1665 727 1746 κελεύσας
752 1669 817 1755 γὰρ
847 1665 973 1757 εκάστῳ
1003 1666 1161 1755 περιγρά-

143 1785 205 1853 ψαι
231 1770 294 1860 τήν
323 1774 445 1842 ἑαυτοῦ
476 1776 595 1860 κτήσιν
626 1774 682 1841 καὶ
715 1776 834 1859 στήσαι
861 1778 981 1853 λίθους
1009 1773 1063 1840 έκί
1089 1786 1162 1854 τοῖς

105 1905 132 1946 ιι
147 1878 239 1966 ὅροις
268 1877 381 1967 ίεροὺς
408 1876 582 1960 άτιίδειξεν
609 1876 708 1966 ὁρίου
731 1877 818 1958 Διὸς
843 1877 923 1959 τοὺς
944 1884 1080 1965 λίθους,
1103 1881 1161 1948 καὶ

143 1978 406 2070 θυσίας’ἔταξεν
429 1984 544 2072 αὐτοῖς
566 1988 728 2054 έκιτελείυ
755 1983 915 2065 ἅπαντας·
928 1982 1036 2075 ήμέρηι
1057 1990 1161 2076 τακτή

144 2089 225 2160 καθ’
250 2093 391 2162 ἕκαστον
414 2090 572 2162 ἐνιαυτὸν
593 2093 647 2161 ἐπὶ
669 2091 731 2161 τὸν
753 2092 858 2160 τόπον
882 2093 1162 2179 συνερχομένους,

145 2200 266 2286 ἑορτήν
288 2201 325 2268 ἐν
341 2213 414 2279 τοῖς
429 2199 522 2268 πάνυ
539 2205 652 2286 τιμίαν
673 2198 756 2284 [καί]
776 2196 839 2285 τήν
857 2201 927 2266 τάν
944 2195 1049 2284 ὁρίων
1066 2203 1162 2267 θεῶν

105 2305 125 2370 3
144 2305 442 2393 καταστησάμενος.
488 2303 615 2392 ταύτην
632 2302 790 2393 Ῥωμαῖοι
813 2303 1016 2393 Τερμινάλια
1038 2310 1163 2374 καλοῦ-

104 2438 132 2478 εο
145 2432 202 2481 σιν
229 2414 283 2482 ἐπὶ
309 2416 380 2482 τῶν
405 2411 579 2501 τερμόνων
611 2412 668 2480 καί
695 2409 774 2491 τοὺς
802 2409 904 2508 ὅρους
933 2408 1057 2492 αὐτοὺς
1085 2411 1163 2494 ἕνὸς

144 2508 271 2610 άλλαγή
295 2516 488 2606 γράμματος
514 2517 604 2605 παρά
632 2516 696 2606 τήν
718 2516 882 2605 ήμετέραν
911 2517 1085 2598 διάλεκτον
1111 2520 1162 2587 ἐκ·

105 2712 108 2717 *
144 2630 306 2713 φέροντες
327 2627 485 2712 τέρμινας
509 2624 830 2712 προσαγορεύουσιν.
870 2628 908 2692 -εί
938 2625 978 2692 δέ
1001 2651 1052 2704 τις
1073 2622 1163 2713 666-

144 2739 270 2800 νίσειεν
296 2719 506 2825 ήμεταθείη
536 2730 617 2810 τοὺς
644 2729 761 2817 ὅρους,
789 2728 882 2820 ίερὸν
906 2731 1215 2817 ένομοθέτησενεστ

145 2837 232 2907 εἶναι
255 2842 316 2907 τοῦ
334 2842 421 2907 θεοῦ
444 2836 504 2907 τὸν
527 2837 657 2907 τούτων
679 2864 711 2905 τι
733 2836 1013 2925 διαπραξάμενον,
1037 2841 1096 2906 ἵνα
1115 2844 1162 2927 τῷ

105 2965 133 3008 ιε
146 2945 342 3038 βουλομένῳ
370 2949 514 3013 κτείνειν
540 2942 645 3013 αὐτὸν
673 2942 718 3024 ὡς
746 2941 972 3030 ίερόσυλονή
993 2968 1030 3011 τε
1052 2941 1164 3032 ἀσφά-

103 3050 218 3141 4λεια
245 3055 301 3121 καί
327 3049 366 3120 τὸ
384 3054 537 3144 ,καθαρῷ
564 3049 748 3138 μιάσματος
775 3049 862 3119 εἶναι
889 3053 1007 3138 προσή.
1059 3055 1163 3121 τοῦτο

219 3289 233 3338 1
254 3279 405 3339 ἐλάττωσιν
423 3284 449 3337 A
521 3287 537 3337 ³
556 3282 667 3336 τελείαν
685 3283 710 3336 Α
782 3276 964 3351 λάγαγόντα
983 3298 1007 3336 ο.
1021 3279 1165 3337 Bucheler

48 3363 52 3368 ’
148 3360 180 3411 12
198 3349 352 3428 (αἰτία)
338 3371 400 3410 νο.
419 3353 522 3408 Reiske
596 3358 629 3408 18
648 3352 753 3415 ταῖςΟ
778 3359 838 3416 τοῖς
856 3352 984 3408 Meineke
1007 3352 1013 3422 Ι
1037 3351 1088 3407 καὶ
1107 3353 1164 3409 dol.

113 3424 284 3481 Bucheler
356 3431 390 3480 19
410 3422 667 3512 καταστησαμένοις
688 3423 735 3479 Ba
806 3430 841 3479 20
859 3418 916 3478 άπὸ
935 3423 985 3477 Ab
1005 3425 1009 3492 1
1030 3417 1123 3494 αὐτῆς
1139 3426 1165 3480 Β

146 3502 180 3551 22
200 3496 375 3566 τερμιναςΑ
449 3501 484 3550 25
502 3486 520 3565 6
539 3513 614 3551 τεο.
632 3494 735 3550 Reiske
808 3501 843 3550 26
861 3490 906 3566 τὸ]
926 3495 964 3568 τῷ
984 3494 1030 3549 Ba
