2454 3916
501 241 667 293 -Γ,

74 395 129 475 λδς
161 393 327 482 ὑπέλαβεν
359 394 465 483 εἶναι,
503 395 636 467 ἅπασαν
670 399 707 468 δὲ
743 398 805 488 τὴν
842 399 1001 489 στρατιάν
1038 402 1091 468 ἐπὶ

74 508 246 583 Λατίνους
282 501 377 590 ἀγειν
419 505 643 590 ἐβουλεύσατο
684 505 740 574 καλ
775 512 906 574 τίδεται
946 513 1090 594 πλησίον

75 608 188 687 αὐτῶν
220 608 281 680 τὸν
312 609 449 701 χάρακα.
500 609 571 681 κατ’
601 609 705 701 ἀρχάς
742 611 805 699 μὲν
838 605 902 681 οὖν
920 677 921 680 ,
940 611 1091 702 ὀκνηρῶς

75 715 167 804 εἶχον
192 717 341 807 ἑκάτεροι
367 716 490 798 πάσαις
517 717 810 788 ἀποκινδυνεῦσαι·
829 733 902 798 ταῖς
925 719 1090 806 δυνάμεσι

75 823 225 904 δεδιότες
264 822 323 904 τὰς
363 822 519 912 ἀλλήλων
555 826 786 914 παρασκευάς,
823 825 1116 915 ἀκροβολισμοδςι

75 931 113 1000 δέ
136 930 307 1011 κατιόντες
333 933 369 999 ἐκ
396 936 465 1001 τῶν
495 933 670 1022 ἐρυμάτων
697 937 734 1001 ·οί
758 931 954 1022 ύιλολ·παρ’
981 934 1090 1002 ἑκατέ-

74 1064 145 1127 ρων
168 1050 318 1124 συνεχεῖς
345 1040 521 1123 ἐποιοῦντο
549 1040 606 1108 καλ
632 1030 721 1126 ἦσαν
751 1037 796 1119 ὡς
823 1037 864 1109 τδι
885 1039 992 1108 πολλά
1021 1039 1090 1108 ίσό-

73 1165 187 1231 μαχοι·
219 1143 330 1234 χρόνῳ
359 1143 391 1212 δ’
419 1143 561 1233 ὕστερον
591 1145 800 1233 ἐμπεσούσης
828 1144 1032 1236 ἀμφοτέροις
1054 1147 1129 1214 ἐκ3

72 1252 141 1319 τῶν
170 1248 334 1318 τοιούτων
367 1247 560 1338 ἁψιμαχιῶν
587 1258 796 1338 φιλονεικίας
826 1254 1091 1338 ἐπιβοηθοῦντες

73 1357 225 1445 ἑκάτεροι
247 1370 318 1437 τοῖς
340 1359 524 1447 σφετέροις,
548 1354 657 1445 ὀλίγοι
675 1359 737 1445 μέν
755 1359 794 1427 τδ
813 1362 960 1448 πρῶτον,
978 1363 1089 1429 ἔπειτα
1104 1385 1131 1426 ιο

74 1462 265 1551 σύμπαντες
291 1455 559 1550 ἠναγκάσθησαν
587 1466 623 1533 ἐκ
648 1467 718 1533 τάν
747 1466 982 1553 στρατοπέδων
1009 1490 1091 1553 προ-

73 1577 198 1640 ελθεῖν.
237 1569 294 1639 καὶ
317 1570 609 1652 καταστάντεςείς
626 1570 736 1659 μάχην
756 1570 878 1659 ἀνδρες
899 1569 977 1640 ούτε
994 1579 1090 1640 πολε-

72 1680 181 1766 μικόν
205 1676 348 1764 ἀγόνων
367 1678 517 1767 ἀτριβεῖς
539 1676 618 1761 οὔτε
634 1678 758 1765 πλήδει
783 1676 870 1746 πολὺ
889 1674 1090 1759 ἀποδέοντες

72 1782 229 1870 ἀλλήλων
251 1787 347 1865 πεζοί
364 1810 400 1852 τε
422 1786 478 1852 καλ
509 1788 617 1865 ἱππεῖς
640 1790 816 1876 προθυμίᾳ
838 1811 874 1853 τε
897 1782 1090 1873 ὡρμημένοι

72 1888 157 1976 πρὸς
183 1888 243 1960 τὸν
271 1890 419 1978 πόλεμον
448 1889 549 1982 ὁμοίη
575 1891 631 1959 καὶ
657 1892 834 1960 κινδύνων
862 1890 923 1961 τὸν
950 1896 1089 1979 ἔσχατον
1104 1914 1130 1957 ιε

72 1995 293 2085 ἀναρριπτεῖν
329 2002 528 2086 νομίσαντες
562 1995 773 2085 ἠγωνίσαντο
811 1998 872 2085 μὲν
905 1995 1090 2087 ἀμφότεροι

75 2102 183 2190 λόγον
210 2101 324 2189 ἀξίως,
353 2107 574 2194 διεκρίθησαν
602 2105 640 2174 δὲ
666 2103 722 2172 ἀπ’
748 2103 905 2191 ἀλλήλων
932 2105 1090 2190 ἰσόμαχοι

26 2211 200 2293 λῠεννκτὸς
222 2211 456 2299 ἐπιλαβούσης.
501 2209 522 2298 ἡ
546 2213 661 2300 μέντοι
688 2210 768 2298 μετὰ
791 2208 853 2279 τὸν
876 2209 993 2296 ἀγῶνα
1017 2207 1131 2276 διά-4

72 2346 152 2390 νοια
175 2319 340 2408 ἑκατέρων
364 2316 426 2406 ούχ
450 2314 551 2407 ὁμοία
570 2319 736 2406 γενομένη
758 2315 931 2406 φανερούς
953 2319 1090 2403 ἐποίησε

71 2423 153 2506 τοὺς
183 2436 334 2514 κρεῖττον
370 2423 646 2512 ἀγωνισαμένους
681 2425 751 2492 τόν
784 2423 921 2511 ἐτέρων·
952 2427 993 2512 τῇ
1025 2421 1089 2513 γάρ
1104 2446 1131 2489 ω

73 2534 149 2620 ἑξῆς
171 2529 278 2623 ἡμέρη
292 2537 433 2599 Λατῖνοι
451 2531 513 2618 μέν
533 2529 644 2600 ούκέτι
661 2529 831 2620 προῄεσαν
855 2531 891 2598 ἐκ
908 2528 1090 2617 τοῦχάρα-

72 2666 143 2726 κος,
166 2635 184 2707 ὁ
205 2637 243 2707 δέ
260 2641 329 2708 τῶν
342 2635 515 2726 Ῥωμαίων
533 2636 690 2724 βασιλεὺς
712 2633 884 2723 ἐξαγαγάυ
907 2632 967 2715 τάς
986 2635 1091 2703 δυνά-

73 2772 147 2835 μεις
169 2750 217 2825 είς
238 2744 277 2814 τὸ
295 2748 412 2814 πεδίου
431 2747 563 2832 ἕτοιμος
584 2735 628 2832 ἦν
647 2744 763 2833 ἑτέραν
783 2750 956 2810 ποιεῖσθαι
979 2741 1090 2830 μάχην

72 2852 130 2922 καὶ
162 2854 258 2941 μέχρι
289 2855 416 2920 πολλοῦ
451 2853 610 2938 κατέσχεν
642 2852 679 2918 ἐν
710 2849 800 2932 τάξει
830 2847 893 2935 τὴν
923 2847 1090 2938 φάλαγγα.

74 2958 121 3040 ὡς
149 2961 180 3026 δ’
208 2957 270 3027 ούκ
295 2957 538 3048 ἀντεπεξῄεσαν
566 2961 602 3026 οί
625 2957 795 3045 πολέμιοι,
817 2955 1010 3046 ζσκυλεύσας
1032 2955 1089 3025 αύ·
1104 2976 1130 3019 ει

73 3070 143 3136 τῶν
175 3064 256 3146 τοὺς
286 3063 429 3155 νεκρούς
459 3066 515 3133 καὶ
546 3062 625 3144 τοὺς
656 3067 766 3144 ίδίονς
794 3061 998 3150 ἀνελόμενος
1025 3061 1089 3132 σύν

74 3176 187 3266 πολλῷ
211 3169 376 3261 αύχήματι
400 3169 506 3258 ἀπῆγε
533 3169 595 3258 τὴν
619 3168 778 3258 στρατιὰν
808 3171 862 3238 ἐπὶ
883 3167 944 3238 τὸν
967 3170 1089 3237 ἑαυτοῦ

74 3306 214 3369 χαρακα.

147 3447 163 3495 3
183 3435 235 3494 τὸν
257 3440 280 3494 Β
300 3457 354 3495 om.
372 3441 397 3494 R
478 3444 510 3495 15
534 3440 669 3494 κίνδυνον
693 3417 716 3493 ο.
734 3434 876 3505 Kiessling
948 3439 981 3488 16
1001 3428 1089 3506 ἀναρ-

76 3518 171 3585 ριπεῑν
189 3512 215 3565 Α
288 3517 321 3567 22
340 3509 395 3566 τάν
413 3510 437 3564 Β
456 3525 509 3566 om.
528 3510 554 3564 Β
630 3514 664 3564 24
682 3505 819 3576 κατέσχεν
837 3506 860 3560 Β
878 3509 1010 3574 κατεῖχεν
1028 3505 1055 3559 Β

872 3593 927 3650 24*
