<?xml version="1.0" encoding="UTF-8"?>
<!DOCTYPE html PUBLIC "-//W3C//DTD XHTML 1.0 Transitional//EN"
    "http://www.w3.org/TR/xhtml1/DTD/xhtml1-transitional.dtd">
<html xmlns="http://www.w3.org/1999/xhtml" xml:lang="en" lang="en">
 <head>
  <title>
</title>
<meta http-equiv="Content-Type" content="text/html;charset=utf-8" />
  <meta name='ocr-system' content='tesseract 3.04.00' />
  <meta name='ocr-capabilities' content='ocr_page ocr_carea ocr_par ocr_line ocrx_word'/>
</head>
<body>
  <div class='ocr_page' id='page_1' title='image "./dionysihalicarn01diongoog_0381.png"; bbox 0 0 2454 3916; ppageno 0'>
   <div class='ocr_carea' id='block_1_1' title="bbox 497 213 663 264">
    <p class='ocr_par' dir='ltr' id='par_1_1' title="bbox 497 213 663 264">
     <span class='ocr_line' id='line_1_1' title="bbox 497 213 663 264; baseline 0 -12"><span class='ocrx_word' id='word_1_1' title='bbox 497 213 663 264; x_wconf 83' lang='grc' dir='ltr'>..Γ-</span> 
     </span>
    </p>
   </div>
   <div class='ocr_carea' id='block_1_2' title="bbox 26 369 1127 3126">
    <p class='ocr_par' dir='ltr' id='par_1_2' title="bbox 26 369 1126 1953">
     <span class='ocr_line' id='line_1_2' title="bbox 26 369 1086 459; baseline 0.001 -21"><span class='ocrx_word' id='word_1_2' title='bbox 26 395 72 446; x_wconf 73' lang='lat'><strong><em>335</em></strong></span> <span class='ocrx_word' id='word_1_3' title='bbox 78 369 254 459; x_wconf 86' lang='grc' dir='ltr'><strong><em>μεγάλους,</em></strong></span> <span class='ocrx_word' id='word_1_4' title='bbox 274 373 367 450; x_wconf 84' lang='grc' dir='ltr'><strong><em>οἴους</em></strong></span> <span class='ocrx_word' id='word_1_5' title='bbox 386 373 421 438; x_wconf 87' lang='grc' dir='ltr'><strong><em>οί</em></strong></span> <span class='ocrx_word' id='word_1_6' title='bbox 437 369 608 457; x_wconf 89' lang='grc' dir='ltr'><strong><em>κράτιστοι</em></strong></span> <span class='ocrx_word' id='word_1_7' title='bbox 627 374 695 440; x_wconf 79' lang='grc' dir='ltr'><strong><em>τῶν</em></strong></span> <span class='ocrx_word' id='word_1_8' title='bbox 712 377 904 441; x_wconf 75' lang='grc' dir='ltr'><strong><em>θαλαττίων</em></strong></span> <span class='ocrx_word' id='word_1_9' title='bbox 923 371 1086 458; x_wconf 79' lang='grc' dir='ltr'><em>λιμένων·</em></span> 
     </span>
     <span class='ocr_line' id='line_1_3' title="bbox 73 475 1085 566; baseline 0.001 -19"><span class='ocrx_word' id='word_1_10' title='bbox 73 475 91 547; x_wconf 86' lang='grc' dir='ltr'>ὃ</span> <span class='ocrx_word' id='word_1_11' title='bbox 112 477 155 546; x_wconf 74' lang='grc' dir='ltr'><strong><em>δέ</em></strong></span> <span class='ocrx_word' id='word_1_12' title='bbox 178 476 321 566; x_wconf 87' lang='grc' dir='ltr'><strong><em>μάλιστα</em></strong></span> <span class='ocrx_word' id='word_1_13' title='bbox 338 476 548 565; x_wconf 76' lang='grc' dir='ltr'><em>θαυμάσειεν</em></span> <span class='ocrx_word' id='word_1_14' title='bbox 571 475 615 545; x_wconf 86' lang='grc' dir='ltr'><strong><em>ἀν</em></strong></span> <span class='ocrx_word' id='word_1_15' title='bbox 633 504 693 565; x_wconf 92' lang='grc' dir='ltr'><strong><em>τις,</em></strong></span> <span class='ocrx_word' id='word_1_16' title='bbox 717 477 778 548; x_wconf 86' lang='grc' dir='ltr'><strong><em>οῦκ</em></strong></span> <span class='ocrx_word' id='word_1_17' title='bbox 797 477 1006 548; x_wconf 90' lang='grc' dir='ltr'><strong><em>ἀποκλείεται</em></strong></span> <span class='ocrx_word' id='word_1_18' title='bbox 1023 483 1085 548; x_wconf 93' lang='grc' dir='ltr'><strong><em>τοῦ</em></strong></span> 
     </span>
     <span class='ocr_line' id='line_1_4' title="bbox 73 582 1085 676; baseline 0.001 -21"><span class='ocrx_word' id='word_1_19' title='bbox 73 584 237 672; x_wconf 89' lang='grc' dir='ltr'><strong><em>στόματος</em></strong></span> <span class='ocrx_word' id='word_1_20' title='bbox 259 582 324 653; x_wconf 85' lang='grc' dir='ltr'><strong><em>ὑπὸ</em></strong></span> <span class='ocrx_word' id='word_1_21' title='bbox 348 588 407 672; x_wconf 81' lang='grc' dir='ltr'><strong><em>της</em></strong></span> <span class='ocrx_word' id='word_1_22' title='bbox 427 590 610 664; x_wconf 70' lang='grc' dir='ltr'><strong><em>θαλαττίας</em></strong></span> <span class='ocrx_word' id='word_1_23' title='bbox 631 585 734 668; x_wconf 90' lang='grc' dir='ltr'><strong><em>θινὸς</em></strong></span> <span class='ocrx_word' id='word_1_24' title='bbox 761 585 1041 676; x_wconf 79' lang='grc' dir='ltr'><strong><em>ἐμφραττόμενος,</em></strong></span> <span class='ocrx_word' id='word_1_25' title='bbox 1066 583 1085 656; x_wconf 83' lang='grc' dir='ltr'><strong><em>ό</em></strong></span> 
     </span>
     <span class='ocr_line' id='line_1_5' title="bbox 72 691 1086 780; baseline 0 -19"><span class='ocrx_word' id='word_1_26' title='bbox 72 691 245 779; x_wconf 77' lang='grc' dir='ltr'><strong><em>πάσχουσα</em></strong></span> <span class='ocrx_word' id='word_1_27' title='bbox 260 691 380 760; x_wconf 87' lang='grc' dir='ltr'><strong><em>πολλοὶ</em></strong></span> <span class='ocrx_word' id='word_1_28' title='bbox 402 691 458 759; x_wconf 86' lang='grc' dir='ltr'><strong><em>καὶ</em></strong></span> <span class='ocrx_word' id='word_1_29' title='bbox 479 695 548 760; x_wconf 88' lang='grc' dir='ltr'><strong><em>τῦν</em></strong></span> <span class='ocrx_word' id='word_1_30' title='bbox 567 693 721 779; x_wconf 83' lang='grc' dir='ltr'><strong><em>μεγάλων</em></strong></span> <span class='ocrx_word' id='word_1_31' title='bbox 743 696 914 780; x_wconf 78' lang='grc' dir='ltr'><strong><em>ποταμῶν,</em></strong></span> <span class='ocrx_word' id='word_1_32' title='bbox 938 691 1011 761; x_wconf 77' lang='grc' dir='ltr'><strong><em>οὐδ’</em></strong></span> <span class='ocrx_word' id='word_1_33' title='bbox 1038 698 1086 774; x_wconf 88' lang='grc' dir='ltr'><strong><em>είς</em></strong></span> 
     </span>
     <span class='ocr_line' id='line_1_6' title="bbox 73 796 1111 888; baseline -0.002 -20"><span class='ocrx_word' id='word_1_34' title='bbox 73 802 131 885; x_wconf 79' lang='grc' dir='ltr'><strong><em>ἕλη</em></strong></span> <span class='ocrx_word' id='word_1_35' title='bbox 155 796 210 866; x_wconf 80' lang='grc' dir='ltr'><strong><em>καὶ</em></strong></span> <span class='ocrx_word' id='word_1_36' title='bbox 232 800 375 885; x_wconf 81' lang='grc' dir='ltr'><strong><em>τέλματα</em></strong></span> <span class='ocrx_word' id='word_1_37' title='bbox 392 797 610 886; x_wconf 79' lang='grc' dir='ltr'><strong><em>πλανώμενος</em></strong></span> <span class='ocrx_word' id='word_1_38' title='bbox 633 797 751 868; x_wconf 87' lang='grc' dir='ltr'><strong><em>ἀλλοτε</em></strong></span> <span class='ocrx_word' id='word_1_39' title='bbox 774 796 858 888; x_wconf 85' lang='grc' dir='ltr'><strong><em>άλλη</em></strong></span> <span class='ocrx_word' id='word_1_40' title='bbox 876 823 1111 888; x_wconf 73' lang='grc' dir='ltr'><strong><em>προκαταναε</em></strong></span> 
     </span>
     <span class='ocr_line' id='line_1_7' title="bbox 72 901 1085 995; baseline 0.002 -21"><span class='ocrx_word' id='word_1_41' title='bbox 72 911 219 974; x_wconf 86' lang='grc' dir='ltr'><strong><em>λίσκεται</em></strong></span> <span class='ocrx_word' id='word_1_42' title='bbox 235 907 316 991; x_wconf 82' lang='grc' dir='ltr'><strong><em>πρὶν</em></strong></span> <span class='ocrx_word' id='word_1_43' title='bbox 333 901 354 991; x_wconf 79' lang='grc' dir='ltr'><em>ἢ</em></span> <span class='ocrx_word' id='word_1_44' title='bbox 373 909 413 994; x_wconf 79' lang='grc' dir='ltr'><strong><em>τη</em></strong></span> <span class='ocrx_word' id='word_1_45' title='bbox 432 905 583 994; x_wconf 77' lang='grc' dir='ltr'><strong><em>θαλάττῃ</em></strong></span> <span class='ocrx_word' id='word_1_46' title='bbox 602 905 752 987; x_wconf 80' lang='grc' dir='ltr'><strong><em>συνάψαι</em></strong></span> <span class='ocrx_word' id='word_1_47' title='bbox 770 905 809 976; x_wconf 89' lang='grc' dir='ltr'><strong><em>τὸ</em></strong></span> <span class='ocrx_word' id='word_1_48' title='bbox 829 909 982 995; x_wconf 75' lang='grc' dir='ltr'><strong><em>ῥεῖθρον,</em></strong></span> <span class='ocrx_word' id='word_1_49' title='bbox 1000 907 1085 977; x_wconf 84' lang='grc' dir='ltr'><strong><em>ἀλλά</em></strong></span> 
     </span>
     <span class='ocr_line' id='line_1_8' title="bbox 72 1008 1086 1100; baseline 0.002 -19"><span class='ocrx_word' id='word_1_50' title='bbox 72 1011 317 1100; x_wconf 82' lang='grc' dir='ltr'><strong><em>ναυσιπέρατός</em></strong></span> <span class='ocrx_word' id='word_1_51' title='bbox 349 1012 440 1080; x_wconf 86' lang='grc' dir='ltr'><strong><em>έστιν</em></strong></span> <span class='ocrx_word' id='word_1_52' title='bbox 473 1008 525 1080; x_wconf 86' lang='grc' dir='ltr'><strong><em>ἀεὶ</em></strong></span> <span class='ocrx_word' id='word_1_53' title='bbox 557 1013 614 1080; x_wconf 84' lang='grc' dir='ltr'><strong><em>καὶ</em></strong></span> <span class='ocrx_word' id='word_1_54' title='bbox 645 1010 691 1080; x_wconf 76' lang='grc' dir='ltr'><strong><em>δι’</em></strong></span> <span class='ocrx_word' id='word_1_55' title='bbox 723 1011 799 1092; x_wconf 83' lang='grc' dir='ltr'><strong><em>ἑνὸς</em></strong></span> <span class='ocrx_word' id='word_1_56' title='bbox 834 1016 993 1081; x_wconf 78' lang='grc' dir='ltr'><strong><em>ἐκδίδωσι</em></strong></span> <span class='ocrx_word' id='word_1_57' title='bbox 1024 1019 1086 1083; x_wconf 91' lang='grc' dir='ltr'><strong><em>τοῦ</em></strong></span> 
     </span>
     <span class='ocr_line' id='line_1_9' title="bbox 73 1115 1087 1208; baseline 0.003 -22"><span class='ocrx_word' id='word_1_58' title='bbox 73 1123 219 1205; x_wconf 76' lang='grc' dir='ltr'><strong><em>γνησίου</em></strong></span> <span class='ocrx_word' id='word_1_59' title='bbox 246 1117 408 1205; x_wconf 90' lang='grc' dir='ltr'><strong><em>στόματος</em></strong></span> <span class='ocrx_word' id='word_1_60' title='bbox 439 1115 639 1187; x_wconf 82' lang='grc' dir='ltr'><strong><em>ἀνακόπτων</em></strong></span> <span class='ocrx_word' id='word_1_61' title='bbox 670 1118 729 1200; x_wconf 88' lang='grc' dir='ltr'><strong><em>τάς</em></strong></span> <span class='ocrx_word' id='word_1_62' title='bbox 760 1125 939 1206; x_wconf 84' lang='grc' dir='ltr'><strong><em>πελαγίους</em></strong></span> <span class='ocrx_word' id='word_1_63' title='bbox 952 1170 955 1175; x_wconf 92' lang='grc'>-</span> <span class='ocrx_word' id='word_1_64' title='bbox 970 1122 1087 1208; x_wconf 81' lang='grc' dir='ltr'><strong><em>ῥαχίας</em></strong></span> 
     </span>
     <span class='ocr_line' id='line_1_10' title="bbox 72 1223 1086 1314; baseline 0 -20"><span class='ocrx_word' id='word_1_65' title='bbox 72 1228 131 1312; x_wconf 78' lang='grc' dir='ltr'><strong><em>τῆς</em></strong></span> <span class='ocrx_word' id='word_1_66' title='bbox 152 1224 333 1312; x_wconf 89' lang='grc' dir='ltr'><strong><em>θαλάττης,</em></strong></span> <span class='ocrx_word' id='word_1_67' title='bbox 356 1228 464 1292; x_wconf 90' lang='grc' dir='ltr'><strong><em>καίτοι</em></strong></span> <span class='ocrx_word' id='word_1_68' title='bbox 486 1223 591 1306; x_wconf 89' lang='grc' dir='ltr'><strong><em>πολύς</em></strong></span> <span class='ocrx_word' id='word_1_69' title='bbox 615 1224 740 1294; x_wconf 79' lang='grc' dir='ltr'><strong><em>αὐτόθι</em></strong></span> <span class='ocrx_word' id='word_1_70' title='bbox 761 1231 890 1312; x_wconf 83' lang='grc' dir='ltr'><strong><em>γίνεται</em></strong></span> <span class='ocrx_word' id='word_1_71' title='bbox 913 1228 969 1295; x_wconf 80' lang='grc' dir='ltr'><strong><em>καὶ</em></strong></span> <span class='ocrx_word' id='word_1_72' title='bbox 992 1235 1086 1314; x_wconf 88' lang='grc' dir='ltr'><strong><em>χαλε-</em></strong></span> 
     </span>
     <span class='ocr_line' id='line_1_11' title="bbox 72 1327 1086 1420; baseline 0.003 -21"><span class='ocrx_word' id='word_1_73' title='bbox 72 1329 135 1410; x_wconf 88' lang='grc' dir='ltr'><strong><em>πὸς</em></strong></span> <span class='ocrx_word' id='word_1_74' title='bbox 163 1328 180 1399; x_wconf 91' lang='grc' dir='ltr'><strong><em>ό</em></strong></span> <span class='ocrx_word' id='word_1_75' title='bbox 210 1332 322 1399; x_wconf 83' lang='grc' dir='ltr'><strong><em>πνέων</em></strong></span> <span class='ocrx_word' id='word_1_76' title='bbox 350 1329 415 1399; x_wconf 88' lang='grc' dir='ltr'><strong><em>ἀπὸ</em></strong></span> <span class='ocrx_word' id='word_1_77' title='bbox 443 1335 502 1418; x_wconf 76' lang='grc' dir='ltr'><strong><em>τῆς</em></strong></span> <span class='ocrx_word' id='word_1_78' title='bbox 529 1333 669 1420; x_wconf 78' lang='grc' dir='ltr'><strong><em>ἑσπέρας</em></strong></span> <span class='ocrx_word' id='word_1_79' title='bbox 696 1328 828 1419; x_wconf 87' lang='grc' dir='ltr'><strong><em>ἀνεμος.</em></strong></span> <span class='ocrx_word' id='word_1_80' title='bbox 873 1337 911 1400; x_wconf 89' lang='grc' dir='ltr'><strong><em>αί</em></strong></span> <span class='ocrx_word' id='word_1_81' title='bbox 936 1333 998 1419; x_wconf 72' lang='grc' dir='ltr'><strong><em>μὲν</em></strong></span> <span class='ocrx_word' id='word_1_82' title='bbox 1022 1327 1086 1403; x_wconf 87' lang='grc' dir='ltr'><strong><em>οῦν</em></strong></span> 
     </span>
     <span class='ocr_line' id='line_1_12' title="bbox 73 1430 1085 1527; baseline 0.001 -21"><span class='ocrx_word' id='word_1_83' title='bbox 73 1439 234 1506; x_wconf 77' lang='grc' dir='ltr'><strong><em>ἐπίκωποι</em></strong></span> <span class='ocrx_word' id='word_1_84' title='bbox 265 1442 345 1525; x_wconf 79' lang='grc' dir='ltr'><strong><em>νῆες</em></strong></span> <span class='ocrx_word' id='word_1_85' title='bbox 377 1435 533 1524; x_wconf 79' lang='grc' dir='ltr'><strong><em>ὁπηλίκαι</em></strong></span> <span class='ocrx_word' id='word_1_86' title='bbox 564 1436 638 1506; x_wconf 83' lang='grc' dir='ltr'><strong><em>ποτ’</em></strong></span> <span class='ocrx_word' id='word_1_87' title='bbox 664 1434 707 1507; x_wconf 87' lang='grc' dir='ltr'><strong><em>ἀν</em></strong></span> <span class='ocrx_word' id='word_1_88' title='bbox 742 1430 841 1507; x_wconf 86' lang='grc' dir='ltr'><strong><em>οὖσαι</em></strong></span> <span class='ocrx_word' id='word_1_89' title='bbox 871 1438 998 1527; x_wconf 89' lang='grc' dir='ltr'><strong><em>τύχωσι</em></strong></span> <span class='ocrx_word' id='word_1_90' title='bbox 1029 1441 1085 1508; x_wconf 80' lang='grc' dir='ltr'><strong><em>καί</em></strong></span> 
     </span>
     <span class='ocr_line' id='line_1_13' title="bbox 73 1541 1087 1634; baseline 0.002 -22"><span class='ocrx_word' id='word_1_91' title='bbox 73 1546 142 1612; x_wconf 79' lang='grc' dir='ltr'><strong><em>τῶν</em></strong></span> <span class='ocrx_word' id='word_1_92' title='bbox 171 1541 325 1613; x_wconf 76' lang='grc' dir='ltr'><strong><em>ὁλκάδων</em></strong></span> <span class='ocrx_word' id='word_1_93' title='bbox 354 1547 392 1612; x_wconf 89' lang='grc' dir='ltr'><strong><em>αί</em></strong></span> <span class='ocrx_word' id='word_1_94' title='bbox 416 1544 511 1631; x_wconf 87' lang='grc' dir='ltr'><strong><em>μέχρι</em></strong></span> <span class='ocrx_word' id='word_1_95' title='bbox 537 1544 820 1634; x_wconf 84' lang='grc' dir='ltr'><strong><em>τρισχιλιοφόρων</em></strong></span> <span class='ocrx_word' id='word_1_96' title='bbox 849 1545 1026 1632; x_wconf 89' lang='grc' dir='ltr'><strong><em>είσάγονσί</em></strong></span> <span class='ocrx_word' id='word_1_97' title='bbox 1050 1572 1087 1614; x_wconf 90' lang='grc' dir='ltr'><strong><em>τε</em></strong></span> 
     </span>
     <span class='ocr_line' id='line_1_14' title="bbox 73 1647 1085 1741; baseline 0.002 -23"><span class='ocrx_word' id='word_1_98' title='bbox 73 1648 131 1719; x_wconf 80' lang='grc' dir='ltr'><strong><em>διὰ</em></strong></span> <span class='ocrx_word' id='word_1_99' title='bbox 153 1655 215 1720; x_wconf 89' lang='grc' dir='ltr'><strong><em>τοῦ</em></strong></span> <span class='ocrx_word' id='word_1_100' title='bbox 242 1651 405 1738; x_wconf 90' lang='grc' dir='ltr'><strong><em>στόματος</em></strong></span> <span class='ocrx_word' id='word_1_101' title='bbox 435 1647 541 1720; x_wconf 90' lang='grc' dir='ltr'><strong><em>αῦτοῦ</em></strong></span> <span class='ocrx_word' id='word_1_102' title='bbox 567 1652 624 1720; x_wconf 83' lang='grc' dir='ltr'><strong><em>καὶ</em></strong></span> <span class='ocrx_word' id='word_1_103' title='bbox 651 1653 745 1741; x_wconf 85' lang='grc' dir='ltr'><strong><em>μέχρι</em></strong></span> <span class='ocrx_word' id='word_1_104' title='bbox 775 1656 834 1739; x_wconf 82' lang='grc' dir='ltr'><strong><em>τῆς</em></strong></span> <span class='ocrx_word' id='word_1_105' title='bbox 851 1649 979 1741; x_wconf 86' lang='grc' dir='ltr'><strong><em>Ῥοόμης</em></strong></span> <span class='ocrx_word' id='word_1_106' title='bbox 1001 1657 1085 1740; x_wconf 89' lang='grc' dir='ltr'><strong><em>είρε-</em></strong></span> 
     </span>
     <span class='ocr_line' id='line_1_15' title="bbox 72 1757 1086 1848; baseline 0 -22"><span class='ocrx_word' id='word_1_107' title='bbox 72 1763 131 1848; x_wconf 77' lang='grc' dir='ltr'><strong><em>σία</em></strong></span> <span class='ocrx_word' id='word_1_108' title='bbox 153 1758 209 1826; x_wconf 87' lang='grc' dir='ltr'><strong><em>καὶ</em></strong></span> <span class='ocrx_word' id='word_1_109' title='bbox 233 1757 358 1846; x_wconf 81' lang='grc' dir='ltr'><strong><em>ῥύμασι</em></strong></span> <span class='ocrx_word' id='word_1_110' title='bbox 384 1757 628 1845; x_wconf 85' lang='grc' dir='ltr'><strong><em>παρελκόμεναι</em></strong></span> <span class='ocrx_word' id='word_1_111' title='bbox 655 1763 861 1846; x_wconf 80' lang='grc' dir='ltr'><strong><em>κομίζονται,</em></strong></span> <span class='ocrx_word' id='word_1_112' title='bbox 889 1761 926 1827; x_wconf 67' lang='lat' dir='ltr'><strong><em>at</em></strong></span> <span class='ocrx_word' id='word_1_113' title='bbox 951 1759 990 1828; x_wconf 66' lang='grc' dir='ltr'><strong><em>δὲ</em></strong></span> <span class='ocrx_word' id='word_1_114' title='bbox 1017 1764 1086 1846; x_wconf 73' lang='grc' dir='ltr'><strong><em>μεί</em></strong></span> 
     </span>
     <span class='ocr_line' id='line_1_16' title="bbox 73 1862 1126 1953; baseline 0.001 -20"><span class='ocrx_word' id='word_1_115' title='bbox 73 1871 150 1946; x_wconf 80' lang='grc' dir='ltr'><strong><em>ζους</em></strong></span> <span class='ocrx_word' id='word_1_116' title='bbox 172 1863 236 1953; x_wconf 89' lang='grc' dir='ltr'><strong><em>πρὸ</em></strong></span> <span class='ocrx_word' id='word_1_117' title='bbox 260 1869 321 1933; x_wconf 92' lang='grc' dir='ltr'><strong><em>τοῦ</em></strong></span> <span class='ocrx_word' id='word_1_118' title='bbox 344 1864 507 1952; x_wconf 90' lang='grc' dir='ltr'><strong><em>στόματος</em></strong></span> <span class='ocrx_word' id='word_1_119' title='bbox 530 1862 580 1933; x_wconf 80' lang='grc' dir='ltr'><strong><em>ἐπ’</em></strong></span> <span class='ocrx_word' id='word_1_120' title='bbox 606 1863 764 1951; x_wconf 78' lang='grc' dir='ltr'><strong><em>ἀγκυρῶν</em></strong></span> <span class='ocrx_word' id='word_1_121' title='bbox 788 1865 991 1935; x_wconf 81' lang='grc' dir='ltr'><strong><em>σαλεύουσαι</em></strong></span> <span class='ocrx_word' id='word_1_122' title='bbox 1012 1879 1085 1945; x_wconf 80' lang='grc' dir='ltr'><strong><em>ταῖς</em></strong></span> <span class='ocrx_word' id='word_1_123' title='bbox 1100 1887 1126 1928; x_wconf 84' lang='lat'><strong><em>1⁵</em></strong></span> 
     </span>
    </p>

    <p class='ocr_par' dir='ltr' id='par_1_3' title="bbox 38 1969 1127 2171">
     <span class='ocr_line' id='line_1_17' title="bbox 38 1969 1086 2063; baseline 0 -24"><span class='ocrx_word' id='word_1_124' title='bbox 38 1969 277 2058; x_wconf 79' lang='grc' dir='ltr'><strong><em>’ποταμηγοῖς</em></strong></span> <span class='ocrx_word' id='word_1_125' title='bbox 320 1970 579 2058; x_wconf 76' lang='grc' dir='ltr'><strong><em>ἀπογεμίζονταί</em></strong></span> <span class='ocrx_word' id='word_1_126' title='bbox 616 1999 651 2041; x_wconf 88' lang='grc' dir='ltr'><strong><em>τε</em></strong></span> <span class='ocrx_word' id='word_1_127' title='bbox 695 1973 752 2040; x_wconf 83' lang='grc' dir='ltr'><strong><em>καλ</em></strong></span> <span class='ocrx_word' id='word_1_128' title='bbox 795 1971 1086 2063; x_wconf 74' lang='grc' dir='ltr'><strong><em>ἀντιφορτίζονται</em></strong></span> 
     </span>
     <span class='ocr_line' id='line_1_18' title="bbox 73 2076 1127 2171; baseline 0.001 -25"><span class='ocrx_word' id='word_1_129' title='bbox 73 2077 227 2164; x_wconf 90' lang='grc' dir='ltr'><strong><em>σκάφαις.</em></strong></span> <span class='ocrx_word' id='word_1_130' title='bbox 273 2081 310 2148; x_wconf 78' lang='grc' dir='ltr'><strong><em>ἐν</em></strong></span> <span class='ocrx_word' id='word_1_131' title='bbox 337 2078 376 2147; x_wconf 69' lang='grc' dir='ltr'><strong><em>δὲ</em></strong></span> <span class='ocrx_word' id='word_1_132' title='bbox 402 2083 449 2171; x_wconf 76' lang='grc' dir='ltr'><strong><em>τῷ</em></strong></span> <span class='ocrx_word' id='word_1_133' title='bbox 479 2077 600 2166; x_wconf 80' lang='grc' dir='ltr'><strong><em>μεταξύ</em></strong></span> <span class='ocrx_word' id='word_1_134' title='bbox 627 2082 689 2147; x_wconf 85' lang='grc' dir='ltr'><strong><em>τοῦ</em></strong></span> <span class='ocrx_word' id='word_1_135' title='bbox 716 2106 751 2147; x_wconf 88' lang='grc' dir='ltr'><strong><em>τε</em></strong></span> <span class='ocrx_word' id='word_1_136' title='bbox 774 2085 927 2168; x_wconf 85' lang='grc' dir='ltr'><strong><em>ποταμοῦ</em></strong></span> <span class='ocrx_word' id='word_1_137' title='bbox 948 2080 1005 2149; x_wconf 82' lang='grc' dir='ltr'><strong><em>καὶ</em></strong></span> <span class='ocrx_word' id='word_1_138' title='bbox 1027 2076 1127 2165; x_wconf 81' lang='grc' dir='ltr'><strong><em>της4</em></strong></span> 
     </span>
    </p>

    <p class='ocr_par' dir='ltr' id='par_1_4' title="bbox 26 2181 1127 2707">
     <span class='ocr_line' id='line_1_19' title="bbox 26 2181 1087 2272; baseline -0.004 -16"><span class='ocrx_word' id='word_1_139' title='bbox 26 2184 246 2272; x_wconf 72' lang='grc' dir='ltr'><strong><em>536θαλάττης</em></strong></span> <span class='ocrx_word' id='word_1_140' title='bbox 272 2183 400 2271; x_wconf 76' lang='grc' dir='ltr'><strong><em>ἀγκῶνι</em></strong></span> <span class='ocrx_word' id='word_1_141' title='bbox 436 2185 538 2253; x_wconf 89' lang='grc' dir='ltr'><strong><em>πόλιν</em></strong></span> <span class='ocrx_word' id='word_1_142' title='bbox 570 2182 588 2253; x_wconf 87' lang='grc' dir='ltr'><strong><em>ό</em></strong></span> <span class='ocrx_word' id='word_1_143' title='bbox 622 2184 779 2271; x_wconf 83' lang='grc' dir='ltr'><strong><em>βασιλεῦς</em></strong></span> <span class='ocrx_word' id='word_1_144' title='bbox 810 2188 1006 2272; x_wconf 78' lang='grc' dir='ltr'><strong><em>ἐντειχίσας,</em></strong></span> <span class='ocrx_word' id='word_1_145' title='bbox 1043 2181 1087 2272; x_wconf 80' lang='grc' dir='ltr'><strong><em>ἣν</em></strong></span> 
     </span>
     <span class='ocr_line' id='line_1_20' title="bbox 72 2286 1085 2378; baseline -0.003 -18"><span class='ocrx_word' id='word_1_146' title='bbox 72 2289 140 2361; x_wconf 88' lang='grc' dir='ltr'><strong><em>ἀπὸ</em></strong></span> <span class='ocrx_word' id='word_1_147' title='bbox 167 2294 229 2360; x_wconf 91' lang='grc' dir='ltr'><strong><em>τοῦ</em></strong></span> <span class='ocrx_word' id='word_1_148' title='bbox 256 2290 505 2378; x_wconf 78' lang='grc' dir='ltr'><strong><em>συμβεβηκότος</em></strong></span> <span class='ocrx_word' id='word_1_149' title='bbox 529 2289 666 2360; x_wconf 74' lang='grc' dir='ltr'><strong><em>Ὠστίαν</em></strong></span> <span class='ocrx_word' id='word_1_150' title='bbox 694 2288 886 2378; x_wconf 83' lang='grc' dir='ltr'><strong><em>ἀνόμασεν,</em></strong></span> <span class='ocrx_word' id='word_1_151' title='bbox 913 2287 956 2371; x_wconf 81' lang='grc' dir='ltr'><strong><em>ὡς</em></strong></span> <span class='ocrx_word' id='word_1_152' title='bbox 983 2287 1016 2357; x_wconf 76' lang='grc' dir='ltr'><strong><em>θ’</em></strong></span> <span class='ocrx_word' id='word_1_153' title='bbox 1041 2286 1085 2357; x_wconf 87' lang='grc' dir='ltr'><strong><em>ἀν</em></strong></span> 
     </span>
     <span class='ocr_line' id='line_1_21' title="bbox 71 2394 1127 2487; baseline -0.006 -21"><span class='ocrx_word' id='word_1_154' title='bbox 71 2395 168 2486; x_wconf 77' lang='grc' dir='ltr'><strong><em>ἡμεῖς</em></strong></span> <span class='ocrx_word' id='word_1_155' title='bbox 199 2407 350 2484; x_wconf 86' lang='grc' dir='ltr'><strong><em>είποιμεν</em></strong></span> <span class='ocrx_word' id='word_1_156' title='bbox 385 2396 516 2485; x_wconf 89' lang='grc' dir='ltr'><strong><em>θύραν,</em></strong></span> <span class='ocrx_word' id='word_1_157' title='bbox 554 2395 596 2465; x_wconf 90' lang='grc' dir='ltr'><strong><em>οῦ</em></strong></span> <span class='ocrx_word' id='word_1_158' title='bbox 631 2396 740 2483; x_wconf 90' lang='grc' dir='ltr'><strong><em>μόνον</em></strong></span> <span class='ocrx_word' id='word_1_159' title='bbox 772 2395 967 2487; x_wconf 77' lang='grc' dir='ltr'><strong><em>ἠπειρῶτιν,</em></strong></span> <span class='ocrx_word' id='word_1_160' title='bbox 1000 2394 1085 2464; x_wconf 85' lang='grc' dir='ltr'><strong><em>ἀλλά</em></strong></span> <span class='ocrx_word' id='word_1_161' title='bbox 1100 2419 1127 2460; x_wconf 87' lang='grc' dir='ltr'><strong><em>ω</em></strong></span> 
     </span>
     <span class='ocr_line' id='line_1_22' title="bbox 71 2499 1086 2591; baseline -0.002 -18"><span class='ocrx_word' id='word_1_162' title='bbox 71 2506 129 2574; x_wconf 81' lang='grc' dir='ltr'><strong><em>καὶ</em></strong></span> <span class='ocrx_word' id='word_1_163' title='bbox 151 2509 338 2573; x_wconf 90' lang='grc' dir='ltr'><strong><em>θαλαττίαν</em></strong></span> <span class='ocrx_word' id='word_1_164' title='bbox 360 2502 588 2590; x_wconf 89' lang='grc' dir='ltr'><strong><em>παρεσκεύασε</em></strong></span> <span class='ocrx_word' id='word_1_165' title='bbox 610 2501 672 2589; x_wconf 81' lang='grc' dir='ltr'><strong><em>τὴν</em></strong></span> <span class='ocrx_word' id='word_1_166' title='bbox 690 2499 822 2591; x_wconf 81' lang='grc' dir='ltr'><strong><em>Ῥάμην</em></strong></span> <span class='ocrx_word' id='word_1_167' title='bbox 845 2503 1007 2589; x_wconf 85' lang='grc' dir='ltr'><strong><em>γενέσθαι</em></strong></span> <span class='ocrx_word' id='word_1_168' title='bbox 1029 2505 1086 2571; x_wconf 81' lang='grc' dir='ltr'><strong><em>καὶ</em></strong></span> 
     </span>
     <span class='ocr_line' id='line_1_23' title="bbox 72 2608 706 2707; baseline -0.003 -27"><span class='ocrx_word' id='word_1_169' title='bbox 72 2614 142 2680; x_wconf 77' lang='grc' dir='ltr'><strong><em>τῶν</em></strong></span> <span class='ocrx_word' id='word_1_170' title='bbox 166 2614 372 2679; x_wconf 77' lang='grc' dir='ltr'><strong><em>διαποντίων</em></strong></span> <span class='ocrx_word' id='word_1_171' title='bbox 395 2608 536 2707; x_wconf 79' lang='grc' dir='ltr'><strong><em>ἀγαθάν</em></strong></span> <span class='ocrx_word' id='word_1_172' title='bbox 560 2614 706 2696; x_wconf 79' lang='grc' dir='ltr'><strong><em>ἔγευσεν.</em></strong></span> 
     </span>
    </p>

    <p class='ocr_par' dir='ltr' id='par_1_5' title="bbox 72 2712 1126 3126">
     <span class='ocr_line' id='line_1_24' title="bbox 162 2712 1083 2804; baseline 0 -20"><span class='ocrx_word' id='word_1_173' title='bbox 162 2717 328 2787; x_wconf 88' lang='lat' dir='ltr'>XXXXV.</span> <span class='ocrx_word' id='word_1_174' title='bbox 348 2714 505 2804; x_wconf 83' lang='grc' dir='ltr'><strong><em>Ἐτείχισε</em></strong></span> <span class='ocrx_word' id='word_1_175' title='bbox 528 2715 566 2784; x_wconf 74' lang='grc' dir='ltr'><strong><em>δὲ</em></strong></span> <span class='ocrx_word' id='word_1_176' title='bbox 586 2714 697 2786; x_wconf 85' lang='grc' dir='ltr'><strong><em>καὶτὸ</em></strong></span> <span class='ocrx_word' id='word_1_177' title='bbox 715 2715 926 2803; x_wconf 86' lang='grc' dir='ltr'><strong><em>καλούμενον</em></strong></span> <span class='ocrx_word' id='word_1_178' title='bbox 947 2712 1083 2784; x_wconf 87' lang='grc' dir='ltr'><strong><em>Ἰανίκο-</em></strong></span> 
     </span>
     <span class='ocr_line' id='line_1_25' title="bbox 73 2821 1086 2910; baseline -0.002 -17"><span class='ocrx_word' id='word_1_179' title='bbox 73 2833 136 2893; x_wconf 94' lang='grc' dir='ltr'><strong><em>λον</em></strong></span> <span class='ocrx_word' id='word_1_180' title='bbox 173 2823 253 2910; x_wconf 85' lang='grc' dir='ltr'><strong><em>όρος</em></strong></span> <span class='ocrx_word' id='word_1_181' title='bbox 288 2821 422 2910; x_wconf 70' lang='grc' dir='ltr'><strong><em>ὑψηλὸν</em></strong></span> <span class='ocrx_word' id='word_1_182' title='bbox 458 2825 610 2892; x_wconf 81' lang='grc' dir='ltr'><strong><em>ἐπέκεινα</em></strong></span> <span class='ocrx_word' id='word_1_183' title='bbox 643 2826 705 2891; x_wconf 84' lang='grc' dir='ltr'><strong><em>τοῦ</em></strong></span> <span class='ocrx_word' id='word_1_184' title='bbox 745 2824 899 2910; x_wconf 80' lang='grc' dir='ltr'><strong><em>Τεβέριος</em></strong></span> <span class='ocrx_word' id='word_1_185' title='bbox 934 2826 1086 2910; x_wconf 85' lang='grc' dir='ltr'><strong><em>ποταμοῦ</em></strong></span> 
     </span>
     <span class='ocr_line' id='line_1_26' title="bbox 72 2926 1126 3022; baseline -0.002 -22"><span class='ocrx_word' id='word_1_186' title='bbox 72 2936 228 3018; x_wconf 86' lang='grc' dir='ltr'><strong><em>κείμενον</em></strong></span> <span class='ocrx_word' id='word_1_187' title='bbox 260 2932 316 2998; x_wconf 80' lang='grc' dir='ltr'><strong><em>καὶ</em></strong></span> <span class='ocrx_word' id='word_1_188' title='bbox 348 2927 505 3018; x_wconf 90' lang='grc' dir='ltr'><strong><em>φρονράν</em></strong></span> <span class='ocrx_word' id='word_1_189' title='bbox 540 2926 661 3014; x_wconf 77' lang='grc' dir='ltr'><strong><em>ἱκανὴν</em></strong></span> <span class='ocrx_word' id='word_1_190' title='bbox 693 2930 731 2997; x_wconf 84' lang='grc' dir='ltr'><strong><em>έν</em></strong></span> <span class='ocrx_word' id='word_1_191' title='bbox 763 2927 852 3022; x_wconf 74' lang='grc' dir='ltr'><strong><em>αύτῷ</em></strong></span> <span class='ocrx_word' id='word_1_192' title='bbox 884 2931 1084 3017; x_wconf 85' lang='grc' dir='ltr'><strong><em>κατέστησεν</em></strong></span> <span class='ocrx_word' id='word_1_193' title='bbox 1099 2949 1126 2991; x_wconf 76' lang='lat'><strong><em>25</em></strong></span> 
     </span>
     <span class='ocr_line' id='line_1_27' title="bbox 72 3033 1086 3126; baseline -0.002 -20"><span class='ocrx_word' id='word_1_194' title='bbox 72 3036 258 3126; x_wconf 84' lang='grc' dir='ltr'><strong><em>ἀσφαλείας</em></strong></span> <span class='ocrx_word' id='word_1_195' title='bbox 290 3038 388 3105; x_wconf 78' lang='grc' dir='ltr'><strong><em>ἕνεκα</em></strong></span> <span class='ocrx_word' id='word_1_196' title='bbox 418 3040 488 3105; x_wconf 85' lang='grc' dir='ltr'><strong><em>νῦν</em></strong></span> <span class='ocrx_word' id='word_1_197' title='bbox 526 3033 583 3104; x_wconf 82' lang='grc' dir='ltr'><strong><em>ὃιά</em></strong></span> <span class='ocrx_word' id='word_1_198' title='bbox 618 3038 679 3104; x_wconf 89' lang='grc' dir='ltr'><strong><em>τοῦ</em></strong></span> <span class='ocrx_word' id='word_1_199' title='bbox 715 3039 867 3124; x_wconf 79' lang='grc' dir='ltr'><strong><em>ποταμοῦ</em></strong></span> <span class='ocrx_word' id='word_1_200' title='bbox 898 3035 1086 3105; x_wconf 91' lang='grc' dir='ltr'><strong><em>πλεόντων·</em></strong></span> 
     </span>
    </p>
   </div>
   <div class='ocr_carea' id='block_1_3' title="bbox 1105 1306 1126 1370">
    <p class='ocr_par' dir='ltr' id='par_1_6' title="bbox 1105 1306 1126 1370">
     <span class='ocr_line' id='line_1_28' title="bbox 1105 1306 1126 1370; baseline 0 0"><span class='ocrx_word' id='word_1_201' title='bbox 1105 1306 1126 1370; x_wconf 88' lang='grc'><strong>3</strong></span> 
     </span>
    </p>
   </div>
   <div class='ocr_carea' id='block_1_4' title="bbox 1101 1393 1127 1433">
    <p class='ocr_par' dir='ltr' id='par_1_7' title="bbox 1101 1393 1127 1433">
     <span class='ocr_line' id='line_1_29' title="bbox 1101 1393 1127 1433; baseline 0.038 -1"><span class='ocrx_word' id='word_1_202' title='bbox 1101 1393 1127 1433; x_wconf 82' lang='lat'><strong><em>10</em></strong></span> 
     </span>
    </p>
   </div>
   <div class='ocr_carea' id='block_1_5' title="bbox 71 3262 1086 3536">
    <p class='ocr_par' dir='ltr' id='par_1_8' title="bbox 71 3262 1086 3536">
     <span class='ocr_line' id='line_1_30' title="bbox 146 3262 1086 3339; baseline -0.002 -17"><span class='ocrx_word' id='word_1_203' title='bbox 146 3273 162 3322; x_wconf 88' lang='grc'><strong>3</strong></span> <span class='ocrx_word' id='word_1_204' title='bbox 182 3262 414 3339; x_wconf 84' lang='grc' dir='ltr'><strong><em>έμφραττομένον</em></strong></span> <span class='ocrx_word' id='word_1_205' title='bbox 429 3267 532 3323; x_wconf 81' lang='lat' dir='ltr'><strong>Reiske</strong></span> <span class='ocrx_word' id='word_1_206' title='bbox 548 3269 552 3336; x_wconf 96' lang='grc' dir='ltr'>Ι</span> <span class='ocrx_word' id='word_1_207' title='bbox 569 3263 665 3324; x_wconf 85' lang='grc' dir='ltr'><strong><em>ἀλλοτε</em></strong></span> <span class='ocrx_word' id='word_1_208' title='bbox 685 3262 756 3322; x_wconf 87' lang='grc' dir='ltr'><strong><em>ἀλλα</em></strong></span> <span class='ocrx_word' id='word_1_209' title='bbox 774 3268 797 3321; x_wconf 91' lang='grc' dir='ltr'>Β</span> <span class='ocrx_word' id='word_1_210' title='bbox 869 3274 885 3322; x_wconf 88' lang='grc'>9</span> <span class='ocrx_word' id='word_1_211' title='bbox 904 3263 1086 3334; x_wconf 87' lang='grc' dir='ltr'><strong><em>θαλάττηςΒ</em></strong></span> 
     </span>
     <span class='ocr_line' id='line_1_31' title="bbox 71 3334 1086 3410; baseline -0.004 -14"><span class='ocrx_word' id='word_1_212' title='bbox 71 3334 220 3406; x_wconf 86' lang='grc' dir='ltr'><strong><em>θαλάσσης</em></strong></span> <span class='ocrx_word' id='word_1_213' title='bbox 247 3340 272 3394; x_wconf 87' lang='lat' dir='ltr'><strong>R</strong></span> <span class='ocrx_word' id='word_1_214' title='bbox 371 3345 405 3393; x_wconf 77' lang='lat'><strong><em>12</em></strong></span> <span class='ocrx_word' id='word_1_215' title='bbox 433 3334 660 3410; x_wconf 83' lang='grc' dir='ltr'><strong><em>τροχηλιοφόρων</em></strong></span> <span class='ocrx_word' id='word_1_216' title='bbox 687 3338 713 3391; x_wconf 88' lang='lat' dir='ltr'>A</span> <span class='ocrx_word' id='word_1_217' title='bbox 809 3344 841 3392; x_wconf 75' lang='lat'><strong><em>17</em></strong></span> <span class='ocrx_word' id='word_1_218' title='bbox 869 3357 899 3393; x_wconf 84' lang='grc' dir='ltr'><strong><em>τε</em></strong></span> <span class='ocrx_word' id='word_1_219' title='bbox 928 3337 950 3390; x_wconf 93' lang='grc' dir='ltr'><strong>Β</strong></span> <span class='ocrx_word' id='word_1_220' title='bbox 978 3352 1032 3392; x_wconf 88' lang='lat' dir='ltr'><strong><em>om.</em></strong></span> <span class='ocrx_word' id='word_1_221' title='bbox 1060 3338 1086 3392; x_wconf 83' lang='lat' dir='ltr'><strong>R</strong></span> 
     </span>
     <span class='ocr_line' id='line_1_32' title="bbox 72 3403 1085 3536; baseline -0.001 -71"><span class='ocrx_word' id='word_1_222' title='bbox 72 3403 241 3536; x_wconf 33' lang='lat' dir='ltr'><strong><em>avom&amp;</em></strong></span> <span class='ocrx_word' id='word_1_223' title='bbox 258 3411 283 3464; x_wconf 81' lang='lat' dir='ltr'>A</span> <span class='ocrx_word' id='word_1_224' title='bbox 300 3413 304 3481; x_wconf 85' lang='grc' dir='ltr'>Ι</span> <span class='ocrx_word' id='word_1_225' title='bbox 320 3405 403 3464; x_wconf 91' lang='grc' dir='ltr'><strong><em>πόλιν</em></strong></span> <span class='ocrx_word' id='word_1_226' title='bbox 420 3411 442 3464; x_wconf 93' lang='grc' dir='ltr'><strong>Β</strong></span> <span class='ocrx_word' id='word_1_227' title='bbox 460 3406 546 3465; x_wconf 86' lang='grc' dir='ltr'><strong><em>πάλιν</em></strong></span> <span class='ocrx_word' id='word_1_228' title='bbox 564 3412 590 3466; x_wconf 83' lang='grc' dir='ltr'><strong>Α</strong></span> <span class='ocrx_word' id='word_1_229' title='bbox 663 3416 696 3464; x_wconf 88' lang='grc'><strong><em>19</em></strong></span> <span class='ocrx_word' id='word_1_230' title='bbox 711 3403 815 3464; x_wconf 81' lang='grc' dir='ltr'><strong><em>ἀντίαν</em></strong></span> <span class='ocrx_word' id='word_1_231' title='bbox 833 3408 879 3463; x_wconf 79' lang='lat' dir='ltr'><strong><em>Ba</em></strong></span> <span class='ocrx_word' id='word_1_232' title='bbox 898 3403 1018 3462; x_wconf 82' lang='grc' dir='ltr'><strong><em>ἀστείαν</em></strong></span> <span class='ocrx_word' id='word_1_233' title='bbox 1037 3408 1085 3464; x_wconf 94' lang='lat' dir='ltr'><strong><em>Bb</em></strong></span> 
     </span>
    </p>
   </div>
   <div class='ocr_carea' id='block_1_6' title="bbox 0 0 1232 3916">
    <p class='ocr_par' dir='ltr' id='par_1_9' title="bbox 0 0 1232 3916">
     <span class='ocr_line' id='line_1_33' title="bbox 0 0 1232 3916; baseline 0 0"><span class='ocrx_word' id='word_1_234' title='bbox 0 0 1232 3916; x_wconf 95' lang='lat' dir='ltr'><strong><em> </em></strong></span> 
     </span>
    </p>
   </div>
  </div>
 </body>
</html>
