2454 3916
571 226 736 278 ..Γ-

144 385 276 454 πόλεων
299 382 381 451 κατὰ
405 382 507 451 τάσδε
532 380 592 462 τάς
615 380 795 469 ὁμολογίας
823 379 841 450 ὁ
864 380 1022 468 βασιλεύς
1044 381 1162 469 κύριος

145 493 370 560 ἐπιεικέστατα
387 488 509 570 πάσαις
522 490 738 576 προσηνέχθη
757 488 813 556 καὶ
832 489 1047 577 μετριώτατα.
1084 488 1163 558 οὔτε

145 596 209 686 γὰρ
241 593 435 666 ιἰπίκτεινεν
468 594 546 665 ούτε
578 594 717 682 φεύγειν
748 593 940 682 ἠνάγκασεν
973 594 1052 667 ούτε
1084 595 1163 685 χρῆ-

144 724 247 792 μασιν
275 706 434 791 ἐζημίωσε
457 707 616 770 Λατίνων
644 699 770 771 ούβένα
797 706 865 789 γῆν
885 718 921 772 τε
944 701 1059 785 αὐτοῖς
1082 730 1162 792 καρὲ

117 817 297 882 ιπούσθαι
321 809 387 897 ’τῆν
417 811 545 878 ἑαυτῶν
574 809 730 896 ἐπέτρεψε
757 809 814 876 καί
841 810 1060 897 πολιτεύμασι
1083 813 1162 902 χρῆ-

143 928 271 987 σασθαι
297 929 369 996 τοίς
395 921 548 1004 πατρίοις
576 917 716 1004 ἐφῆκεν,
751 915 942 985 ἀποδοῦναι
971 917 1009 987 δὲ
1036 918 1163 1002 αύτούς

144 1027 296 1094 ἐκέλευσε
325 1020 502 1110 Ῥωμαίοις
541 1023 622 1103 τούς
661 1049 696 1091 τε
738 1020 948 1110 αὐτομόλους
986 1026 1044 1094 καί
1082 1026 1162 1108 τούς

143 1129 374 1219 αἰχμαλώτους
400 1126 484 1197 άνεν
516 1128 648 1215 λύτρων
680 1128 893 1219 θεράποντάς
924 1157 961 1200 τε
992 1133 1161 1203 ἀποκατα-

144 1241 264 1324 στῆσαι
285 1248 356 1316 τοῖς
380 1235 556 1315 δεσπόταις
584 1234 675 1304 ὅσων
703 1237 859 1323 ἐγένοντο
886 1237 971 1306 κατὰ
996 1237 1056 1320 τὰς
1079 1266 1160 1327 προ

104 1377 131 1417 ιο
144 1344 250 1432 νομὰς
276 1343 389 1429 κύριοι
416 1343 472 1411 καί
499 1343 650 1432 χρήματα
679 1342 743 1412 ὅσα
769 1342 849 1425 τούς
871 1344 1042 1432 γεωργούς
1065 1344 1160 1434 άφεί

143 1461 244 1521 λοντο
268 1455 426 1518 διαλῦσαι
449 1450 505 1518 καί
528 1459 562 1518 εἰ
580 1478 612 1519 τι
631 1449 713 1519 άλλο
732 1453 945 1537 κατέβλαψαν
967 1448 988 1539 ῆ
1009 1455 1161 1542 θιέφθει-
1213 1527 1217 1534 ,

104 1565 209 1647 3ραν
231 1560 268 1626 ἐν
291 1570 348 1626 ταί
386 1560 555 1644 εἰσβολαῖς
582 1560 830 1645 ἐπανορθῶσαι.
871 1563 975 1627 ταῦτα
1004 1559 1043 1628 δὲ
1067 1561 1160 1648 ποιῆ·

144 1684 267 1744 σαντας
290 1585 386 1732 εἰκῆ
396 1668 518 1752 φίλους
536 1661 709 1751 Ῥωμαίων
733 1669 789 1732 καὶ
808 1665 1004 1753 συμμάχους
1027 1665 1161 1737 ἅπαντα

142 1771 348 1858 πράττοντας
370 1769 434 1839 όσα
453 1765 496 1838 άν
516 1771 638 1839 ἐκείνοι
655 1770 846 1840 κελεύωσιν.
892 1770 911 1841 ὁ
931 1773 993 1859 μὲν
1013 1772 1056 1861 δὴ
1077 1776 1163 1861 πρὸς

103 1899 129 1942 ιε
143 1882 312 1959 Λατίνους
331 1880 455 1957 συστὰς
467 1875 643 1964 Ῥωμαίοις
661 1877 806 1966 πόλεμος
823 1885 872 1960 εἰς
889 1883 989 1951 τούτο
1007 1880 1046 1951 τὸ
1067 1885 1162 1964 τέλος

142 1985 342 2071 κατέσκηψε,
370 1985 426 2052 καὶ
453 1982 610 2071 βασιλεύς
637 1984 821 2073 Ταρκύνιος
848 1987 909 2056 τὸν
935 1990 1102 2059 ἐπινίκιον
1126 1993 1162 2059 ἐκ

142 2094 204 2158 τού
228 2091 376 2178 πολέμου
393 2091 518 2160 τούτου
540 2091 704 2178 κατήγαγε
727 2099 908 2180 θρίαμβον.

233 2199 300 2265 LV.
341 2202 394 2286 Τῷ
424 2195 455 2265 δ’
484 2199 559 2284 ἑξῆς
588 2203 652 2266 ἔτει
678 2198 884 2287 παραλαβὼν
914 2226 977 2288 την
1006 2202 1207 2291 θύναμινῠσι

144 2307 197 2374 ἐπὶ
221 2310 394 2392 Σαβίνους
421 2298 504 2392 ῆγεν
533 2308 568 2373 ἐκ
590 2310 719 2374 πολλοῦ
747 2303 811 2393 τῆν
832 2313 1028 2394 προαίρεσιν
1053 2308 1161 2379 αὐτοῦ

103 2433 130 2473 ω
143 2413 199 2480 καὶ
228 2411 289 2499 τῆν
317 2410 533 2499 παρασκευὴν
560 2409 622 2498 τῆν
650 2409 704 2499 ἐφ’
731 2411 871 2494 ἑαυτοὺς
897 2416 1160 2501 προεγνωκότας.

144 2518 206 2609 οὐχ
228 2517 471 2605 ὑπομείναντες
497 2518 534 2587 δὲ
558 2523 605 2597 εἰς
627 2517 690 2605 τῆν
714 2519 844 2588 ἑαυτῶν
866 2519 979 2607 χῶραν
1002 2535 1160 2607 παρεῖναι

142 2625 203 2694 τὸν
240 2624 404 2712 πόλεμον,
445 2623 520 2693 ἀλλ’
556 2620 987 2714 άντιπαρασκενασάμενοι”
1010 2627 1159 2717 δύναμιν

145 2729 265 2819 ἰκανῆν
293 2730 443 2818 ἐχῶρουν
472 2728 585 2818 ὁμόσε.
634 2732 819 2820 γενομένης
846 2732 884 2802 δὲ
911 2733 1027 2814 αύτοῖς
1054 2735 1161 2824 μάχης

143 2836 282 2925 περὶτὰ
305 2837 450 2925 μεθόρια
477 2842 537 2925 τῆς
563 2837 674 2926 χοίρως
700 2836 778 2926 άχρι
806 2840 930 2920 νυκτὸς
952 2843 1075 2911 ἐνίκων
1098 2843 1160 2930 μὲν

104 2965 130 3007 τε
145 2940 333 3031 ούθίτεροι,
370 2944 462 3013 πάνυ
500 2943 531 3012 θ’
568 2948 713 3032 ἰσχυρῶς
754 2944 924 3033 ἐπόνησαν
963 2946 1159 3038 ἀμφότεροι.

104 3057 216 3131 2ταῖς
237 3054 323 3137 γοῦν
348 3050 421 3138 ἑξῆς
444 3048 585 3139 ῆμίραις
607 3049 684 3120 ούτε
708 3047 726 3120 ό
750 3056 819 3120 τῶν
838 3058 1001 3141 Σαβίνων
1023 3051 1159 3143 ῆγεμῶν

144 3160 292 3246 προῆγεν
324 3160 359 3226 ἐκ
389 3161 453 3227 τού
485 3157 630 3246 χάρακος
661 3156 720 3239 τὰς
748 3157 909 3246 δυνάμεις
937 3158 1015 3230 οὔτε
1043 3159 1062 3230 ό
1090 3166 1159 3232 τῶν

217 3307 232 3356 6
252 3295 358 3363 αύτούς
375 3301 399 3354 Β
418 3316 471 3357 om.
490 3301 516 3355 R
572 3306 622 3382 ,10
639 3297 870 3427 τούςογεωρχρύς
887 3296 1042 3372 ἀφείλοντο
1061 3304 1084 3358 Β
1108 3298 1159 3374 άφ.

143 3371 248 3569 ηρ
302 3371 706 3570 ηηηυμηε,
722 3373 980 3515 εοεαε.
999 3379 1051 3501 ιι
1064 3371 1159 3517 με

144 3531 195 3575 κος
255 3531 322 3584 prae
352 3533 366 3568 r
