2454 3916
520 244 685 297 -A-
1034 242 1110 321 ,39

95 433 150 486 τος
173 402 407 491 ἐξαιρούμενοι
428 403 487 484 τάς
509 401 669 491 ἀπαρχάς,
692 417 763 482 τοϊς
776 429 812 471 τε
825 412 921 484 θεοῖς
943 402 983 471 τά
998 407 1110 471 δίκαια

94 508 282 600 ὑπουργεῖν
318 508 493 592 ἀξιοῦντες
523 512 579 579 καὶ
612 507 840 596 στασιασμοὺς
870 512 906 577 ἐκ
937 513 1006 577 τόν
1040 513 1111 576 δια-

95 616 278 687 λαθόντων
294 616 450 697 δεδιότες.
473 608 517 704 ήν
533 617 571 685 δὲ
583 614 671 685 πολὺ
684 616 739 683 καὶ
753 613 791 685 τὸ
805 613 890 703 πρός
905 621 1032 705 ἔχθραν
1046 614 1111 683 σὺν

94 723 263 813 προφάσει
295 719 454 810 εὐπρεπεῖ
482 720 758 810 ἀπελαυνόμενον
790 719 856 790 ὑπὸ
890 726 958 790 τῶν
992 720 1112 808 διαφό-

39 842 76 894 66
94 851 181 920 ρων·
210 827 295 898 ὥστε
317 829 438 897 πολλαὶ
461 831 498 896 αλ
524 827 768 910 ἀπαναστάσεις
795 831 951 915 ἐγίνοντο
974 829 1030 895 καὶ
1057 828 1138 896 ἐπὶῡ

92 945 253 1006 πλεῖστον
277 932 397 1022 γῆςτὸ
425 931 635 1020 Πελασγικὸν
658 937 757 1020 γένος
780 934 980 1023 διεφορήθη.

185 1043 288 1110 XXV.
305 1032 412 1109 Ἦσαν
436 1040 474 1109 δέ
496 1039 536 1109 τά
550 1068 585 1109 τε
608 1044 748 1128 πολέμια
764 1044 799 1110 ἐκ
812 1045 873 1110 τοῦ
898 1039 979 1129 μετά
996 1039 1112 1108 κινδύ-

92 1177 168 1219 νων
196 1151 401 1235 πεποιῆσθαι
424 1145 482 1227 τάς
509 1149 646 1235 μελέτας
668 1150 705 1217 ἐν
735 1153 851 1217 ἔθνεσι
874 1149 1113 1235 φιλοπολέμοις

93 1260 218 1339 ζῶντες
239 1256 374 1321 πολλῶν
397 1248 558 1341 ἀμείνους
579 1255 635 1321 καὶ
647 1258 707 1340 τής
728 1252 865 1323 κατὰτὰ
887 1251 1029 1323 ναυτικά
1044 1256 1112 1321 ἐπι-

93 1361 223 1449 στήμης
246 1356 302 1426 διὰ
323 1356 387 1444 τήν
410 1357 491 1446 μετὰ
513 1364 699 1449 Τυρρηνῶν
724 1369 855 1447 οἴκησιν
879 1361 931 1428 ἐπὶ
954 1368 1111 1428 πλεῖστον
1126 1395 1153 1434 10

93 1465 310 1554 ἐληλακότες*
341 1462 363 1551 ή
390 1492 426 1533 τε
458 1464 588 1552 ἀνάγκη
622 1464 719 1554 ἱκανή
751 1459 836 1534 οὖσα
865 1479 935 1546 τοῖς
966 1463 1113 1552 ἀπορου-

93 1578 211 1664 μένοις
237 1577 317 1659 βίου
344 1570 472 1659 τόλμαν
500 1588 684 1661 παρασχεῖν
712 1571 845 1662 ήγεμάν
873 1600 908 1641 τε
938 1574 994 1640 καὶ
1019 1571 1113 1640 διδά-

93 1688 219 1759 σκαλος
253 1680 315 1745 τοῦ
351 1675 476 1759 παντὸς
511 1679 778 1768 κινδυνεύματος
822 1677 935 1759 αὐτοῖς
972 1681 1112 1764 ἐγίνετο,

92 1787 180 1857 ὥστε
214 1781 256 1852 οό
287 1788 437 1871 χαλεπάς
469 1783 534 1872 ὅπη
567 1788 743 1855 ἐπέλθοιεν
781 1785 993 1874 ἐπεκράτουν.
1040 1788 1153 1867 ἐπα-2

93 1896 219 1962 λοῦντο
244 1888 282 1957 δὲ
305 1887 369 1959 ὑπὸ
392 1895 461 1960 τῶν
484 1890 598 1960 ἀλλων
621 1890 816 1982 ἀνθρώπων
850 1896 909 1980 τῆς
939 1919 975 1960 τε
1003 1891 1113 1979 χώρας
1127 1923 1153 1965 ιε

94 1997 266 2084 ἐπικλήσει
289 1994 349 2082 ἀφ’
374 1988 414 2085 ής
437 2000 659 2085 ἐξανέστησαν
673 2000 728 2067 καὶ
751 2005 811 2068 τοῦ
826 2003 971 2068 παλαιοῦ
993 2001 1114 2086 γένους

38 2127 74 2176 66
95 2104 212 2196 μνήμη
237 2106 272 2171 ολ
293 2101 388 2172 αὐτοὶ
417 2107 587 2194 Τυρρηνοὶ
609 2107 665 2173 καὶ
687 2112 867 2194 Πελασγοί.
900 2097 947 2174 όν
971 2102 1035 2191 ἐγὼ
1058 2103 1114 2171 λό-

93 2238 158 2300 γον
183 2208 390 2296 ἐποιησάμην
414 2215 475 2280 τοῦ
499 2211 545 2298 μή
567 2238 645 2279 τινα
667 2215 785 2300 θαῦμα
812 2221 999 2295 ποιεῖσθαι,
1027 2212 1113 2278 ἐπει-

38 2337 73 2388 67
94 2317 161 2386 δάν
188 2317 337 2400 ποιητῶν
365 2311 386 2402 ή
422 2319 646 2404 συγγραφέων
679 2316 784 2407 άκοόη
812 2315 891 2396 τοὺς
916 2313 1115 2402 Πελασγοὺς

91 2426 151 2495 καὶ
178 2419 375 2508 Τυρρηνοὺς
405 2420 658 2510 ὀνομαζόντων,
689 2428 759 2504 πῶς
788 2422 979 2510 ἀμφοτέρας
1012 2426 1113 2508 ἔσχον
1126 2445 1153 2486 ω

91 2529 153 2610 τάς
182 2530 374 2613 ἐπωνυμίας
406 2532 441 2596 ολ
468 2527 573 2599 αὐτοί.
619 2536 685 2616 ἔχει
715 2528 779 2619 γάρ
809 2530 885 2617 περὶ
913 2525 1024 2596 αὐτῶν
1056 2517 1153 2596 καὶ3

92 2635 309 2718 Θονκυδίδης
323 2632 385 2721 μὲν
400 2637 524 2722 ἐναργή
544 2632 646 2723 άκτής
663 2641 721 2724 τής
738 2641 884 2727 Θρᾳκίας
903 2633 1039 2722 μνήμην
1058 2636 1115 2704 καὶ

166 2819 184 2866 2
211 2806 406 2879 διαλαχόντων
433 2830 457 2867 c.
488 2813 590 2868 Slbur
637 2810 684 2869 ἀεὶ
711 2809 855 2884 λαχόντων
884 2831 906 2868 ο.
932 2812 1019 2869 Cobet
1049 2814 1112 2870 Oba.

91 2907 120 2960 p.
149 2887 186 2940 25
214 2874 419 2966 ἀπελαθέντων
447 2900 471 2941 ο.
499 2832 636 2940 δδολιοξετ
725 2891 741 2939 3
774 2875 848 2953 ἦσαν
876 2882 909 2940 δὲ
939 2885 1037 2939 πολλοὶ
1063 2886 1113 2939 ΑΒ

137 2963 155 3011 5
180 2949 429 3016 ἐπαναστασειςΒ
501 2955 586 3023 στῆς
604 2956 656 3024 γῆς
680 2959 684 3026 Ι
710 2951 928 3025 διεφορήθησαν
951 2973 1020 3010 voce
1038 2946 1113 3023 ἦσαν

92 3028 200 3087 omissa
224 3021 278 3077 AB
349 3030 364 3078 7
387 3045 417 3081 τε
437 3026 501 3080 add.
521 3024 662 3095 Kiessh'ng
734 3033 751 3081 8
770 3045 799 3081 τε
819 3025 996 3094 πεποιῆσθαι
1014 3026 1061 3081 Bb
1084 3045 1114 3081 τε

92 3096 286 3157 πεποιεῑσθαι
303 3093 349 3148 Ba
367 3101 516 3152 ποιεῖσθαι
534 3099 574 3163 A,
594 3113 663 3152 corr.
682 3097 794 3152 Ritschl
867 3103 900 3151 11
920 3092 1114 3152 ἀπολελαυκό-

95 3190 144 3233 τες
163 3167 202 3233 0,
223 3180 294 3218 corr.
313 3163 362 3220 Sto
383 3167 473 3223 banus
546 3173 579 3223 12
597 3188 627 3223 τε
649 3186 702 3224 om.
722 3171 748 3222 A
826 3168 929 3222 13τοῦ
949 3168 1003 3222 del.
1024 3167 1115 3222 Sinte-

94 3243 140 3298 nin
168 3237 232 3292 Em.
261 3184 381 3321 Diquf
406 3257 433 3308 p.
459 3245 492 3294 10
584 3245 616 3293 19
639 3237 707 3302 τοὺς
736 3238 758 3293 0
788 3233 895 3301 αὐτοὺς
922 3255 946 3292 ο.
972 3238 1116 3307 Kiessling

131 3317 166 3366 21
185 3304 252 3376 περὶ
271 3308 368 3361 αυτῶν
386 3311 412 3362 A
430 3310 562 3378 καὶπερὶ
581 3304 677 3365 αὐτῶν
695 3311 718 3363 Β
737 3327 806 3365 corr.
825 3308 944 3377 Bitschl,
963 3308 1017 3362 del.
1037 3307 1116 3361 Mad·

92 3383 145 3454 vig
169 3378 241 3435 Λᾶν.
262 3375 276 3428 Ι
302 3395 331 3446 p.
355 3385 408 3434 '123
485 3387 519 3435 22
537 3383 715 3449 θουκυδίδης
733 3379 786 3451 μὲν
807 3377 839 3434 ἐν
857 3381 910 3433 ΑΒ
926 3380 931 3449 Ι
947 3373 1047 3445 άρκτηι
1065 3377 1116 3446 τῆς

91 3508 220 3577 θρατέας
235 3499 377 3575 μνήμηιΔ
395 3461 499 3573 ἀρχάτηι·
510 3505 561 3574 τής
578 3505 704 3575 θρακίας
723 3499 820 3571 μνήμη
841 3504 863 3556 Β
879 3505 884 3570 Ι
902 3499 959 3569 ἔχει
980 3495 1116 3569 γάρπερὶ
