<?xml version="1.0" encoding="UTF-8"?>
<!DOCTYPE html PUBLIC "-//W3C//DTD XHTML 1.0 Transitional//EN"
    "http://www.w3.org/TR/xhtml1/DTD/xhtml1-transitional.dtd">
<html xmlns="http://www.w3.org/1999/xhtml" xml:lang="en" lang="en">
 <head>
  <title>
</title>
<meta http-equiv="Content-Type" content="text/html;charset=utf-8" />
  <meta name='ocr-system' content='tesseract 3.04.00' />
  <meta name='ocr-capabilities' content='ocr_page ocr_carea ocr_par ocr_line ocrx_word'/>
</head>
<body>
  <div class='ocr_page' id='page_1' title='image "./dionysihalicarn01diongoog_0226.png"; bbox 0 0 2454 3916; ppageno 0'>
   <div class='ocr_carea' id='block_1_1' title="bbox 526 188 718 274">
    <p class='ocr_par' dir='ltr' id='par_1_1' title="bbox 526 188 718 274">
     <span class='ocr_line' id='line_1_1' title="bbox 526 188 718 274; baseline 0 -14"><span class='ocrx_word' id='word_1_1' title='bbox 526 188 718 274; x_wconf 49' lang='grc' dir='ltr'><strong><em>..Βς</em></strong></span> 
     </span>
    </p>
   </div>
   <div class='ocr_carea' id='block_1_2' title="bbox 46 377 1167 3413">
    <p class='ocr_par' dir='ltr' id='par_1_2' title="bbox 46 377 1167 3413">
     <span class='ocr_line' id='line_1_2' title="bbox 111 377 1114 469; baseline 0.003 -23"><span class='ocrx_word' id='word_1_2' title='bbox 111 393 137 446; x_wconf 85' lang='lat'>&gt;</span> <span class='ocrx_word' id='word_1_3' title='bbox 189 383 340 449; x_wconf 86' lang='lat' dir='ltr'>XXXVI.</span> <span class='ocrx_word' id='word_1_4' title='bbox 373 377 409 447; x_wconf 87' lang='grc' dir='ltr'><strong><em>Ὁ</em></strong></span> <span class='ocrx_word' id='word_1_5' title='bbox 440 380 478 448; x_wconf 72' lang='grc' dir='ltr'><strong><em>δὲ</em></strong></span> <span class='ocrx_word' id='word_1_6' title='bbox 505 378 674 468; x_wconf 75' lang='grc' dir='ltr'><em>Ῥωμύλος</em></span> <span class='ocrx_word' id='word_1_7' title='bbox 710 385 814 450; x_wconf 81' lang='grc' dir='ltr'><strong><em>ταῦτα</em></strong></span> <span class='ocrx_word' id='word_1_8' title='bbox 847 381 1114 469; x_wconf 78' lang='grc' dir='ltr'><strong><em>διαπραξάμενος</em></strong></span> 
     </span>
     <span class='ocr_line' id='line_1_3' title="bbox 101 485 1137 577; baseline 0.002 -23"><span class='ocrx_word' id='word_1_9' title='bbox 101 487 153 554; x_wconf 80' lang='grc' dir='ltr'><strong><em>ἐπὶ</em></strong></span> <span class='ocrx_word' id='word_1_10' title='bbox 176 493 494 575; x_wconf 80' lang='grc' dir='ltr'><strong><em>Κρουστομερίνους</em></strong></span> <span class='ocrx_word' id='word_1_11' title='bbox 522 486 629 573; x_wconf 79' lang='grc' dir='ltr'><em>ἐξάγει</em></span> <span class='ocrx_word' id='word_1_12' title='bbox 656 485 718 574; x_wconf 83' lang='grc' dir='ltr'><strong><em>τὴν</em></strong></span> <span class='ocrx_word' id='word_1_13' title='bbox 747 487 905 575; x_wconf 81' lang='grc' dir='ltr'><strong><em>στρατιὰν</em></strong></span> <span class='ocrx_word' id='word_1_14' title='bbox 933 506 1137 577; x_wconf 46' lang='grc' dir='ltr'><strong><em>παρεσκευ-Ἰ</em></strong></span> 
     </span>
     <span class='ocr_line' id='line_1_4' title="bbox 100 590 1113 682; baseline 0.002 -22"><span class='ocrx_word' id='word_1_15' title='bbox 100 595 267 681; x_wconf 88' lang='grc' dir='ltr'><strong><em>ασμένους</em></strong></span> <span class='ocrx_word' id='word_1_16' title='bbox 289 592 431 681; x_wconf 85' lang='grc' dir='ltr'><strong><em>ἀμεινου</em></strong></span> <span class='ocrx_word' id='word_1_17' title='bbox 454 598 523 663; x_wconf 78' lang='grc' dir='ltr'><strong><em>τῶν</em></strong></span> <span class='ocrx_word' id='word_1_18' title='bbox 546 596 732 681; x_wconf 79' lang='grc' dir='ltr'><strong><em>προτέρων·</em></strong></span> <span class='ocrx_word' id='word_1_19' title='bbox 762 590 821 676; x_wconf 88' lang='grc' dir='ltr'><strong><em>ούς</em></strong></span> <span class='ocrx_word' id='word_1_20' title='bbox 844 596 879 662; x_wconf 79' lang='grc' dir='ltr'><strong><em>ἐκ</em></strong></span> <span class='ocrx_word' id='word_1_21' title='bbox 901 593 1113 682; x_wconf 80' lang='grc' dir='ltr'><strong><em>παρατάξεύς</em></strong></span> 
     </span>
     <span class='ocr_line' id='line_1_5' title="bbox 100 699 1114 788; baseline 0.001 -20"><span class='ocrx_word' id='word_1_22' title='bbox 100 701 212 768; x_wconf 83' lang='grc' dir='ltr'><strong><em>τεκαὶ</em></strong></span> <span class='ocrx_word' id='word_1_23' title='bbox 239 706 449 788; x_wconf 77' lang='grc' dir='ltr'><strong><em>τειχομαχίας</em></strong></span> <span class='ocrx_word' id='word_1_24' title='bbox 475 700 774 788; x_wconf 82' lang='grc' dir='ltr'><strong><em>παραστησόμενος</em></strong></span> <span class='ocrx_word' id='word_1_25' title='bbox 803 699 932 787; x_wconf 85' lang='grc' dir='ltr'><strong><em>ἀνδρας</em></strong></span> <span class='ocrx_word' id='word_1_26' title='bbox 961 699 1114 787; x_wconf 90' lang='grc' dir='ltr'><strong><em>ἀγαθούς</em></strong></span> 
     </span>
     <span class='ocr_line' id='line_1_6' title="bbox 99 804 1152 893; baseline 0.002 -20"><span class='ocrx_word' id='word_1_27' title='bbox 99 804 181 873; x_wconf 84' lang='grc' dir='ltr'><strong><em>κατὰ</em></strong></span> <span class='ocrx_word' id='word_1_28' title='bbox 203 804 264 875; x_wconf 90' lang='grc' dir='ltr'><strong><em>τὸν</em></strong></span> <span class='ocrx_word' id='word_1_29' title='bbox 286 804 403 892; x_wconf 80' lang='grc' dir='ltr'><strong><em>ἀγῶνα</em></strong></span> <span class='ocrx_word' id='word_1_30' title='bbox 426 809 630 893; x_wconf 88' lang='grc' dir='ltr'><strong><em>γενομένους</em></strong></span> <span class='ocrx_word' id='word_1_31' title='bbox 654 805 756 876; x_wconf 74' lang='grc' dir='ltr'><strong><em>οὐδὲν</em></strong></span> <span class='ocrx_word' id='word_1_32' title='bbox 788 813 836 877; x_wconf 80' lang='grc' dir='ltr'><strong><em>ἔτι</em></strong></span> <span class='ocrx_word' id='word_1_33' title='bbox 860 811 1032 877; x_wconf 80' lang='grc' dir='ltr'><strong><em>διαθεῖναι</em></strong></span> <span class='ocrx_word' id='word_1_34' title='bbox 1054 835 1110 876; x_wconf 94' lang='grc' dir='ltr'><strong><em>κα-</em></strong></span> <span class='ocrx_word' id='word_1_35' title='bbox 1139 834 1152 875; x_wconf 79' lang='grc' dir='ltr'><strong><em>ε</em></strong></span> 
     </span>
     <span class='ocr_line' id='line_1_7' title="bbox 98 911 1112 1002; baseline 0.002 -22"><span class='ocrx_word' id='word_1_36' title='bbox 98 911 159 982; x_wconf 86' lang='grc' dir='ltr'><strong><em>κόν</em></strong></span> <span class='ocrx_word' id='word_1_37' title='bbox 183 911 341 1000; x_wconf 81' lang='grc' dir='ltr'><strong><em>ἠξίωσεν,</em></strong></span> <span class='ocrx_word' id='word_1_38' title='bbox 364 912 448 981; x_wconf 86' lang='grc' dir='ltr'><strong><em>ἀλλά</em></strong></span> <span class='ocrx_word' id='word_1_39' title='bbox 471 914 527 981; x_wconf 86' lang='grc' dir='ltr'><strong><em>καὶ</em></strong></span> <span class='ocrx_word' id='word_1_40' title='bbox 545 914 670 1001; x_wconf 91' lang='grc' dir='ltr'><strong><em>ταύτην</em></strong></span> <span class='ocrx_word' id='word_1_41' title='bbox 694 916 849 1002; x_wconf 78' lang='grc' dir='ltr'><strong><em>ἐποίησεν</em></strong></span> <span class='ocrx_word' id='word_1_42' title='bbox 873 913 1014 984; x_wconf 87' lang='grc' dir='ltr'><strong><em>ἀποικον</em></strong></span> <span class='ocrx_word' id='word_1_43' title='bbox 1032 912 1112 983; x_wconf 87' lang='grc' dir='ltr'><strong><em>Ῥω-</em></strong></span> 
     </span>
     <span class='ocr_line' id='line_1_8' title="bbox 98 1014 1151 1112; baseline -0.001 -26"><span class='ocrx_word' id='word_1_44' title='bbox 98 1024 208 1106; x_wconf 89' lang='grc' dir='ltr'><strong><em>μαίων</em></strong></span> <span class='ocrx_word' id='word_1_45' title='bbox 240 1017 301 1107; x_wconf 82' lang='grc' dir='ltr'><strong><em>τὴν</em></strong></span> <span class='ocrx_word' id='word_1_46' title='bbox 333 1020 434 1089; x_wconf 90' lang='grc' dir='ltr'><strong><em>πόλιν</em></strong></span> <span class='ocrx_word' id='word_1_47' title='bbox 470 1019 579 1107; x_wconf 77' lang='grc' dir='ltr'><strong><em>ὥσπερ</em></strong></span> <span class='ocrx_word' id='word_1_48' title='bbox 611 1019 670 1102; x_wconf 88' lang='grc' dir='ltr'><strong><em>τάς</em></strong></span> <span class='ocrx_word' id='word_1_49' title='bbox 701 1023 872 1112; x_wconf 80' lang='grc' dir='ltr'><strong><em>προτέρας.</em></strong></span> <span class='ocrx_word' id='word_1_50' title='bbox 926 1014 970 1109; x_wconf 80' lang='grc' dir='ltr'><strong><em>ἦν</em></strong></span> <span class='ocrx_word' id='word_1_51' title='bbox 1004 1021 1042 1090; x_wconf 69' lang='grc' dir='ltr'><strong><em>δὲ</em></strong></span> <span class='ocrx_word' id='word_1_52' title='bbox 1073 1019 1151 1090; x_wconf 81' lang='grc' dir='ltr'><strong><em>τδ2</em></strong></span> 
     </span>
     <span class='ocr_line' id='line_1_9' title="bbox 98 1125 1112 1218; baseline 0.002 -24"><span class='ocrx_word' id='word_1_53' title='bbox 98 1128 376 1214; x_wconf 72' lang='grc' dir='ltr'><strong><em>Κρουστομέριον</em></strong></span> <span class='ocrx_word' id='word_1_54' title='bbox 405 1125 578 1213; x_wconf 76' lang='grc' dir='ltr'><strong><em>Ἀλβανῶν</em></strong></span> <span class='ocrx_word' id='word_1_55' title='bbox 614 1125 787 1209; x_wconf 80' lang='grc' dir='ltr'><strong><em>ἀπόκτισις</em></strong></span> <span class='ocrx_word' id='word_1_56' title='bbox 822 1136 959 1209; x_wconf 81' lang='grc' dir='ltr'><strong><em>πολλοῖς</em></strong></span> <span class='ocrx_word' id='word_1_57' title='bbox 995 1128 1112 1218; x_wconf 84' lang='grc' dir='ltr'><strong><em>πρότε-</em></strong></span> 
     </span>
     <span class='ocr_line' id='line_1_10' title="bbox 46 1230 1112 1321; baseline 0.001 -20"><span class='ocrx_word' id='word_1_58' title='bbox 46 1250 165 1320; x_wconf 76' lang='grc' dir='ltr'><strong><em>οιορον</em></strong></span> <span class='ocrx_word' id='word_1_59' title='bbox 189 1237 247 1319; x_wconf 81' lang='grc' dir='ltr'><strong><em>τῆς</em></strong></span> <span class='ocrx_word' id='word_1_60' title='bbox 264 1230 391 1319; x_wconf 80' lang='grc' dir='ltr'><strong><em>Ῥώμης</em></strong></span> <span class='ocrx_word' id='word_1_61' title='bbox 414 1230 635 1301; x_wconf 76' lang='grc' dir='ltr'><strong><em>ἀποσταλεῖσα</em></strong></span> <span class='ocrx_word' id='word_1_62' title='bbox 659 1233 803 1320; x_wconf 86' lang='grc' dir='ltr'><strong><em>χρόνοις.</em></strong></span> <span class='ocrx_word' id='word_1_63' title='bbox 850 1234 1112 1321; x_wconf 75' lang='grc' dir='ltr'><strong><em>διαγγελλούσης</em></strong></span> 
     </span>
     <span class='ocr_line' id='line_1_11' title="bbox 100 1337 1152 1427; baseline 0.003 -22"><span class='ocrx_word' id='word_1_64' title='bbox 100 1338 136 1407; x_wconf 72' lang='grc' dir='ltr'><strong><em>δέ</em></strong></span> <span class='ocrx_word' id='word_1_65' title='bbox 158 1343 218 1426; x_wconf 77' lang='grc' dir='ltr'><strong><em>τῆς</em></strong></span> <span class='ocrx_word' id='word_1_66' title='bbox 240 1337 353 1425; x_wconf 84' lang='grc' dir='ltr'><strong><em>φήμης</em></strong></span> <span class='ocrx_word' id='word_1_67' title='bbox 375 1345 514 1417; x_wconf 82' lang='grc' dir='ltr'><strong><em>πολλαῖς</em></strong></span> <span class='ocrx_word' id='word_1_68' title='bbox 539 1337 656 1406; x_wconf 88' lang='grc' dir='ltr'><strong><em>πόλεσι</em></strong></span> <span class='ocrx_word' id='word_1_69' title='bbox 683 1338 745 1425; x_wconf 81' lang='grc' dir='ltr'><strong><em>τήν</em></strong></span> <span class='ocrx_word' id='word_1_70' title='bbox 772 1365 809 1408; x_wconf 89' lang='grc' dir='ltr'><strong><em>τε</em></strong></span> <span class='ocrx_word' id='word_1_71' title='bbox 835 1337 920 1406; x_wconf 92' lang='grc' dir='ltr'><strong><em>κατά</em></strong></span> <span class='ocrx_word' id='word_1_72' title='bbox 942 1341 1110 1427; x_wconf 81' lang='grc' dir='ltr'><strong><em>πολέμους</em></strong></span> <span class='ocrx_word' id='word_1_73' title='bbox 1125 1367 1152 1408; x_wconf 91' lang='grc' dir='ltr'><strong><em>ιο</em></strong></span> 
     </span>
     <span class='ocr_line' id='line_1_12' title="bbox 98 1442 1112 1532; baseline 0.001 -19"><span class='ocrx_word' id='word_1_74' title='bbox 98 1444 319 1531; x_wconf 77' lang='grc' dir='ltr'><strong><em>γενναιότητα</em></strong></span> <span class='ocrx_word' id='word_1_75' title='bbox 341 1448 402 1512; x_wconf 86' lang='grc' dir='ltr'><strong><em>τού</em></strong></span> <span class='ocrx_word' id='word_1_76' title='bbox 421 1442 586 1532; x_wconf 87' lang='grc' dir='ltr'><strong><em>ἡγεμόνος</em></strong></span> <span class='ocrx_word' id='word_1_77' title='bbox 603 1446 659 1514; x_wconf 86' lang='grc' dir='ltr'><strong><em>καλ</em></strong></span> <span class='ocrx_word' id='word_1_78' title='bbox 681 1443 765 1531; x_wconf 86' lang='grc' dir='ltr'><strong><em>πρὸς</em></strong></span> <span class='ocrx_word' id='word_1_79' title='bbox 782 1442 861 1524; x_wconf 87' lang='grc' dir='ltr'><strong><em>τούς</em></strong></span> <span class='ocrx_word' id='word_1_80' title='bbox 881 1449 1112 1532; x_wconf 85' lang='grc' dir='ltr'><strong><em>κρατηθέντας</em></strong></span> 
     </span>
     <span class='ocr_line' id='line_1_13' title="bbox 99 1549 1111 1644; baseline 0.002 -24"><span class='ocrx_word' id='word_1_81' title='bbox 99 1554 276 1620; x_wconf 83' lang='grc' dir='ltr'><strong><em>ἐπιείκειαν</em></strong></span> <span class='ocrx_word' id='word_1_82' title='bbox 305 1550 428 1639; x_wconf 84' lang='grc' dir='ltr'><strong><em>ἀνδρες</em></strong></span> <span class='ocrx_word' id='word_1_83' title='bbox 459 1577 494 1619; x_wconf 89' lang='grc' dir='ltr'><strong><em>τε</em></strong></span> <span class='ocrx_word' id='word_1_84' title='bbox 518 1549 608 1644; x_wconf 78' lang='grc' dir='ltr'><strong><em>αύτῷ</em></strong></span> <span class='ocrx_word' id='word_1_85' title='bbox 641 1557 881 1639; x_wconf 78' lang='grc' dir='ltr'><strong><em>προσετίθεντο</em></strong></span> <span class='ocrx_word' id='word_1_86' title='bbox 909 1554 1028 1622; x_wconf 82' lang='grc' dir='ltr'><strong><em>πολλοὶ</em></strong></span> <span class='ocrx_word' id='word_1_87' title='bbox 1055 1555 1111 1623; x_wconf 86' lang='grc' dir='ltr'><strong><em>καλ</em></strong></span> 
     </span>
     <span class='ocr_line' id='line_1_14' title="bbox 98 1656 1111 1751; baseline 0.002 -25"><span class='ocrx_word' id='word_1_88' title='bbox 98 1656 223 1744; x_wconf 78' lang='grc' dir='ltr'><strong><em>ἀγαθοὶ</em></strong></span> <span class='ocrx_word' id='word_1_89' title='bbox 266 1658 427 1745; x_wconf 88' lang='grc' dir='ltr'><strong><em>δυνύμεις</em></strong></span> <span class='ocrx_word' id='word_1_90' title='bbox 473 1656 667 1746; x_wconf 81' lang='grc' dir='ltr'><strong><em>ἀξιοχρέους</em></strong></span> <span class='ocrx_word' id='word_1_91' title='bbox 711 1665 871 1751; x_wconf 81' lang='grc' dir='ltr'><strong><em>πανοικίᾳ</em></strong></span> <span class='ocrx_word' id='word_1_92' title='bbox 915 1678 1111 1747; x_wconf 83' lang='grc' dir='ltr'><strong><em>μετανιστα·</em></strong></span> 
     </span>
     <span class='ocr_line' id='line_1_15' title="bbox 99 1755 1167 1855; baseline 0.002 -22"><span class='ocrx_word' id='word_1_93' title='bbox 99 1767 201 1852; x_wconf 88' lang='grc' dir='ltr'><strong><em>μένας</em></strong></span> <span class='ocrx_word' id='word_1_94' title='bbox 223 1764 440 1852; x_wconf 75' lang='grc' dir='ltr'><strong><em>ἐπαγόμενοι,</em></strong></span> <span class='ocrx_word' id='word_1_95' title='bbox 469 1755 518 1832; x_wconf 78' lang='grc' dir='ltr'><strong><em>ὦν</em></strong></span> <span class='ocrx_word' id='word_1_96' title='bbox 549 1762 602 1852; x_wconf 81' lang='grc' dir='ltr'><strong><em>ἐφ’</em></strong></span> <span class='ocrx_word' id='word_1_97' title='bbox 629 1762 705 1846; x_wconf 83' lang='grc' dir='ltr'><strong><em>ἑνὸς</em></strong></span> <span class='ocrx_word' id='word_1_98' title='bbox 731 1762 897 1853; x_wconf 82' lang='grc' dir='ltr'><strong><em>ἡγεμόνος</em></strong></span> <span class='ocrx_word' id='word_1_99' title='bbox 919 1768 955 1834; x_wconf 81' lang='grc' dir='ltr'><strong><em>ἐκ</em></strong></span> <span class='ocrx_word' id='word_1_100' title='bbox 982 1773 1111 1855; x_wconf 84' lang='grc' dir='ltr'><strong><em>Τυρρη·</em></strong></span> <span class='ocrx_word' id='word_1_101' title='bbox 1163 1780 1167 1785; x_wconf 87' lang='grc'><strong>’</strong></span> 
     </span>
     <span class='ocr_line' id='line_1_16' title="bbox 98 1862 1151 1963; baseline 0 -25"><span class='ocrx_word' id='word_1_102' title='bbox 98 1878 173 1951; x_wconf 91' lang='grc' dir='ltr'><strong><em>νίας</em></strong></span> <span class='ocrx_word' id='word_1_103' title='bbox 195 1871 371 1957; x_wconf 77' lang='grc' dir='ltr'><strong><em>ἐλθόντος,</em></strong></span> <span class='ocrx_word' id='word_1_104' title='bbox 396 1862 422 1963; x_wconf 73' lang='grc' dir='ltr'><em>ᾦ</em></span> <span class='ocrx_word' id='word_1_105' title='bbox 445 1876 588 1951; x_wconf 89' lang='grc' dir='ltr'><strong><em>Καίλιος</em></strong></span> <span class='ocrx_word' id='word_1_106' title='bbox 611 1871 720 1960; x_wconf 79' lang='grc' dir='ltr'><strong><em>ὄνομα</em></strong></span> <span class='ocrx_word' id='word_1_107' title='bbox 738 1864 792 1959; x_wconf 80' lang='grc' dir='ltr'><strong><em>ἦν,</em></strong></span> <span class='ocrx_word' id='word_1_108' title='bbox 815 1877 884 1941; x_wconf 78' lang='grc' dir='ltr'><strong><em>τῶν</em></strong></span> <span class='ocrx_word' id='word_1_109' title='bbox 908 1873 1026 1961; x_wconf 83' lang='grc' dir='ltr'><strong><em>λόφων</em></strong></span> <span class='ocrx_word' id='word_1_110' title='bbox 1049 1901 1109 1960; x_wconf 91' lang='grc' dir='ltr'><strong><em>τις,</em></strong></span> <span class='ocrx_word' id='word_1_111' title='bbox 1125 1899 1151 1938; x_wconf 78' lang='grc' dir='ltr'><strong><em>ιε</em></strong></span> 
     </span>
     <span class='ocr_line' id='line_1_17' title="bbox 98 1970 1110 2070; baseline 0.001 -23"><span class='ocrx_word' id='word_1_112' title='bbox 98 1980 134 2047; x_wconf 84' lang='grc' dir='ltr'><strong><em>έν</em></strong></span> <span class='ocrx_word' id='word_1_113' title='bbox 158 1970 185 2069; x_wconf 72' lang='grc' dir='ltr'><em>ᾧ</em></span> <span class='ocrx_word' id='word_1_114' title='bbox 208 1978 421 2068; x_wconf 72' lang='grc' dir='ltr'><strong><em>καθιδρύθη,</em></strong></span> <span class='ocrx_word' id='word_1_115' title='bbox 451 1983 593 2058; x_wconf 91' lang='grc' dir='ltr'><strong><em>Καίλιος</em></strong></span> <span class='ocrx_word' id='word_1_116' title='bbox 617 1984 664 2059; x_wconf 89' lang='grc' dir='ltr'><strong><em>είς</em></strong></span> <span class='ocrx_word' id='word_1_117' title='bbox 690 1978 768 2048; x_wconf 85' lang='grc' dir='ltr'><strong><em>τόδε</em></strong></span> <span class='ocrx_word' id='word_1_118' title='bbox 791 1979 919 2070; x_wconf 93' lang='grc' dir='ltr'><strong><em>χρόνον</em></strong></span> <span class='ocrx_word' id='word_1_119' title='bbox 947 1988 1110 2049; x_wconf 76' lang='grc' dir='ltr'><strong><em>καλεῖται·</em></strong></span> 
     </span>
     <span class='ocr_line' id='line_1_18' title="bbox 97 2081 1110 2174; baseline 0.002 -22"><span class='ocrx_word' id='word_1_120' title='bbox 97 2085 152 2152; x_wconf 85' lang='grc' dir='ltr'><strong><em>καὶ</em></strong></span> <span class='ocrx_word' id='word_1_121' title='bbox 174 2081 288 2165; x_wconf 88' lang='grc' dir='ltr'><strong><em>πόλεις</em></strong></span> <span class='ocrx_word' id='word_1_122' title='bbox 312 2082 387 2153; x_wconf 89' lang='grc' dir='ltr'><strong><em>όλαι</em></strong></span> <span class='ocrx_word' id='word_1_123' title='bbox 409 2086 638 2171; x_wconf 87' lang='grc' dir='ltr'><strong><em>παρεδίδοσαν</em></strong></span> <span class='ocrx_word' id='word_1_124' title='bbox 663 2083 782 2170; x_wconf 84' lang='grc' dir='ltr'><strong><em>ἕαυτόις</em></strong></span> <span class='ocrx_word' id='word_1_125' title='bbox 804 2083 869 2155; x_wconf 87' lang='grc' dir='ltr'><strong><em>ἀπὸ</em></strong></span> <span class='ocrx_word' id='word_1_126' title='bbox 892 2088 951 2174; x_wconf 84' lang='grc' dir='ltr'><strong><em>της</em></strong></span> <span class='ocrx_word' id='word_1_127' title='bbox 974 2090 1110 2155; x_wconf 90' lang='grc' dir='ltr'><strong><em>Μεδυλ-</em></strong></span> 
     </span>
     <span class='ocr_line' id='line_1_19' title="bbox 98 2188 1110 2280; baseline 0.002 -21"><span class='ocrx_word' id='word_1_128' title='bbox 98 2197 202 2259; x_wconf 91' lang='grc' dir='ltr'><strong><em>λίνων</em></strong></span> <span class='ocrx_word' id='word_1_129' title='bbox 241 2189 422 2278; x_wconf 79' lang='grc' dir='ltr'><strong><em>ἀρξάμεναι</em></strong></span> <span class='ocrx_word' id='word_1_130' title='bbox 458 2191 514 2260; x_wconf 86' lang='grc' dir='ltr'><strong><em>καὶ</em></strong></span> <span class='ocrx_word' id='word_1_131' title='bbox 556 2193 710 2277; x_wconf 82' lang='grc' dir='ltr'><strong><em>ἐγίνοντο</em></strong></span> <span class='ocrx_word' id='word_1_132' title='bbox 741 2188 914 2280; x_wconf 87' lang='grc' dir='ltr'><strong><em>Ῥωμαίων</em></strong></span> <span class='ocrx_word' id='word_1_133' title='bbox 951 2191 1110 2261; x_wconf 90' lang='grc' dir='ltr'><strong><em>ἀποικίαι.</em></strong></span> 
     </span>
     <span class='ocr_line' id='line_1_20' title="bbox 97 2293 1149 2384; baseline -0.004 -20"><span class='ocrx_word' id='word_1_134' title='bbox 97 2302 243 2383; x_wconf 82' lang='grc' dir='ltr'><strong><em>Σαβῖνοι</em></strong></span> <span class='ocrx_word' id='word_1_135' title='bbox 276 2295 314 2363; x_wconf 71' lang='grc' dir='ltr'><strong><em>δὲ</em></strong></span> <span class='ocrx_word' id='word_1_136' title='bbox 345 2300 450 2365; x_wconf 90' lang='grc' dir='ltr'><strong><em>ταύτα</em></strong></span> <span class='ocrx_word' id='word_1_137' title='bbox 481 2293 625 2383; x_wconf 81' lang='grc' dir='ltr'><strong><em>ὁρῶντες</em></strong></span> <span class='ocrx_word' id='word_1_138' title='bbox 655 2295 805 2384; x_wconf 77' lang='grc' dir='ltr'><strong><em>ἤχθοντο</em></strong></span> <span class='ocrx_word' id='word_1_139' title='bbox 837 2297 893 2364; x_wconf 83' lang='grc' dir='ltr'><strong><em>καὶ</em></strong></span> <span class='ocrx_word' id='word_1_140' title='bbox 927 2296 971 2364; x_wconf 92' lang='grc' dir='ltr'><strong><em>δι’</em></strong></span> <span class='ocrx_word' id='word_1_141' title='bbox 1003 2296 1149 2378; x_wconf 85' lang='grc' dir='ltr'><strong><em>αίτίας3</em></strong></span> 
     </span>
     <span class='ocr_line' id='line_1_21' title="bbox 97 2400 1150 2490; baseline -0.001 -20"><span class='ocrx_word' id='word_1_142' title='bbox 97 2401 264 2489; x_wconf 82' lang='grc' dir='ltr'><strong><em>ἀλλήλους</em></strong></span> <span class='ocrx_word' id='word_1_143' title='bbox 295 2400 402 2489; x_wconf 84' lang='grc' dir='ltr'><strong><em>εἶχον,</em></strong></span> <span class='ocrx_word' id='word_1_144' title='bbox 436 2400 487 2470; x_wconf 84' lang='grc' dir='ltr'><strong><em>ὅτι</em></strong></span> <span class='ocrx_word' id='word_1_145' title='bbox 520 2400 581 2470; x_wconf 90' lang='grc' dir='ltr'><strong><em>ούκ</em></strong></span> <span class='ocrx_word' id='word_1_146' title='bbox 618 2400 808 2490; x_wconf 87' lang='grc' dir='ltr'><strong><em>ἀρχομένην</em></strong></span> <span class='ocrx_word' id='word_1_147' title='bbox 845 2401 908 2490; x_wconf 82' lang='grc' dir='ltr'><strong><em>τὴν</em></strong></span> <span class='ocrx_word' id='word_1_148' title='bbox 935 2401 1150 2490; x_wconf 83' lang='grc' dir='ltr'><strong><em>Ῥωμαίωνιο</em></strong></span> 
     </span>
     <span class='ocr_line' id='line_1_22' title="bbox 98 2506 1109 2600; baseline 0.002 -23"><span class='ocrx_word' id='word_1_149' title='bbox 98 2507 194 2596; x_wconf 90' lang='grc' dir='ltr'><strong><em>ίσχύν</em></strong></span> <span class='ocrx_word' id='word_1_150' title='bbox 223 2509 395 2578; x_wconf 75' lang='grc' dir='ltr'><strong><em>ἐκώλυσαν</em></strong></span> <span class='ocrx_word' id='word_1_151' title='bbox 402 2560 411 2595; x_wconf 88' lang='grc'><strong><em>,</em></strong></span> <span class='ocrx_word' id='word_1_152' title='bbox 439 2506 512 2576; x_wconf 87' lang='grc' dir='ltr'><strong><em>ἀλλ’</em></strong></span> <span class='ocrx_word' id='word_1_153' title='bbox 539 2510 591 2577; x_wconf 76' lang='grc' dir='ltr'><strong><em>ἐπὶ</em></strong></span> <span class='ocrx_word' id='word_1_154' title='bbox 614 2511 698 2596; x_wconf 91' lang='grc' dir='ltr'><strong><em>μέγα</em></strong></span> <span class='ocrx_word' id='word_1_155' title='bbox 726 2508 920 2597; x_wconf 87' lang='grc' dir='ltr'><strong><em>προηκούση</em></strong></span> <span class='ocrx_word' id='word_1_156' title='bbox 945 2512 1109 2600; x_wconf 84' lang='grc' dir='ltr'><strong><em>συμφέρε-</em></strong></span> 
     </span>
     <span class='ocr_line' id='line_1_23' title="bbox 94 2601 1128 2704; baseline 0.001 -20"><span class='ocrx_word' id='word_1_157' title='bbox 94 2601 180 2684; x_wconf 86' lang='grc' dir='ltr'><strong><em>σθαι</em></strong></span> <span class='ocrx_word' id='word_1_158' title='bbox 204 2620 358 2703; x_wconf 80' lang='grc' dir='ltr'><strong><em>ἔμελλον,</em></strong></span> <span class='ocrx_word' id='word_1_159' title='bbox 382 2615 490 2685; x_wconf 81' lang='grc' dir='ltr'><strong><em>ἐδόκει</em></strong></span> <span class='ocrx_word' id='word_1_160' title='bbox 513 2642 548 2684; x_wconf 86' lang='grc' dir='ltr'><strong><em>τε</em></strong></span> <span class='ocrx_word' id='word_1_161' title='bbox 577 2613 691 2694; x_wconf 81' lang='grc' dir='ltr'><strong><em>αὐτοῖς</em></strong></span> <span class='ocrx_word' id='word_1_162' title='bbox 714 2615 1023 2703; x_wconf 77' lang='grc' dir='ltr'><strong><em>ἐπανορθώσασθαι</em></strong></span> <span class='ocrx_word' id='word_1_163' title='bbox 1044 2605 1128 2704; x_wconf 79' lang='grc' dir='ltr'><strong><em>τὴν</em></strong></span> 
     </span>
     <span class='ocr_line' id='line_1_24' title="bbox 95 2720 1108 2812; baseline 0.003 -22"><span class='ocrx_word' id='word_1_164' title='bbox 95 2724 261 2810; x_wconf 88' lang='grc' dir='ltr'><strong><em>προτέραν</em></strong></span> <span class='ocrx_word' id='word_1_165' title='bbox 281 2720 424 2809; x_wconf 86' lang='grc' dir='ltr'><strong><em>ἀγνοιαν</em></strong></span> <span class='ocrx_word' id='word_1_166' title='bbox 443 2720 623 2808; x_wconf 89' lang='grc' dir='ltr'><strong><em>ἀξιολόγου</em></strong></span> <span class='ocrx_word' id='word_1_167' title='bbox 642 2721 818 2809; x_wconf 79' lang='grc' dir='ltr'><strong><em>δυνάμεως</em></strong></span> <span class='ocrx_word' id='word_1_168' title='bbox 837 2720 1016 2812; x_wconf 79' lang='grc' dir='ltr'><strong><em>ἀποστολῇ.</em></strong></span> <span class='ocrx_word' id='word_1_169' title='bbox 1052 2725 1108 2793; x_wconf 86' lang='grc' dir='ltr'><strong><em>καλ</em></strong></span> 
     </span>
     <span class='ocr_line' id='line_1_25' title="bbox 96 2825 1108 2919; baseline 0.004 -24"><span class='ocrx_word' id='word_1_170' title='bbox 96 2825 176 2916; x_wconf 84' lang='grc' dir='ltr'><strong><em>μετὰ</em></strong></span> <span class='ocrx_word' id='word_1_171' title='bbox 198 2831 298 2896; x_wconf 87' lang='grc' dir='ltr'><strong><em>τούτο</em></strong></span> <span class='ocrx_word' id='word_1_172' title='bbox 321 2825 449 2918; x_wconf 81' lang='grc' dir='ltr'><strong><em>ἀγορὰν</em></strong></span> <span class='ocrx_word' id='word_1_173' title='bbox 472 2828 693 2916; x_wconf 79' lang='grc' dir='ltr'><strong><em>ποιησόμενοι</em></strong></span> <span class='ocrx_word' id='word_1_174' title='bbox 717 2826 905 2915; x_wconf 84' lang='grc' dir='ltr'><strong><em>σύμπαντες</em></strong></span> <span class='ocrx_word' id='word_1_175' title='bbox 928 2831 965 2898; x_wconf 83' lang='grc' dir='ltr'><strong><em>ἐν</em></strong></span> <span class='ocrx_word' id='word_1_176' title='bbox 988 2834 1028 2919; x_wconf 75' lang='grc' dir='ltr'><strong><em>τῇ</em></strong></span> <span class='ocrx_word' id='word_1_177' title='bbox 1052 2857 1108 2918; x_wconf 90' lang='grc' dir='ltr'><strong><em>με-</em></strong></span> 
     </span>
     <span class='ocr_line' id='line_1_26' title="bbox 96 2932 1146 3024; baseline 0.003 -22"><span class='ocrx_word' id='word_1_178' title='bbox 96 2939 191 3022; x_wconf 89' lang='grc' dir='ltr'><strong><em>γίστη</em></strong></span> <span class='ocrx_word' id='word_1_179' title='bbox 205 2960 240 3002; x_wconf 97' lang='grc' dir='ltr'><strong><em>τε</em></strong></span> <span class='ocrx_word' id='word_1_180' title='bbox 253 2932 348 3001; x_wconf 90' lang='grc' dir='ltr'><strong><em>πόλει</em></strong></span> <span class='ocrx_word' id='word_1_181' title='bbox 366 2935 422 3002; x_wconf 85' lang='grc' dir='ltr'><strong><em>καὶ</em></strong></span> <span class='ocrx_word' id='word_1_182' title='bbox 435 2942 592 3002; x_wconf 81' lang='grc' dir='ltr'><strong><em>πλεῖστον</em></strong></span> <span class='ocrx_word' id='word_1_183' title='bbox 606 2932 735 3022; x_wconf 83' lang='grc' dir='ltr'><strong><em>ἀξίωμα</em></strong></span> <span class='ocrx_word' id='word_1_184' title='bbox 754 2934 876 3024; x_wconf 79' lang='grc' dir='ltr'><strong><em>ἐχούση</em></strong></span> <span class='ocrx_word' id='word_1_185' title='bbox 892 2940 954 3004; x_wconf 86' lang='grc' dir='ltr'><strong><em>τού</em></strong></span> <span class='ocrx_word' id='word_1_186' title='bbox 969 2941 1104 3024; x_wconf 78' lang='grc' dir='ltr'><strong><em>ἔθνους,</em></strong></span> <span class='ocrx_word' id='word_1_187' title='bbox 1120 2957 1146 2999; x_wconf 78' lang='lat'><strong><em>2⁵</em></strong></span> 
     </span>
     <span class='ocr_line' id='line_1_27' title="bbox 96 3032 1106 3130; baseline 0.003 -22"><span class='ocrx_word' id='word_1_188' title='bbox 96 3032 116 3129; x_wconf 78' lang='grc' dir='ltr'><em>ᾗ</em></span> <span class='ocrx_word' id='word_1_189' title='bbox 139 3041 248 3128; x_wconf 83' lang='grc' dir='ltr'><strong><em>Κυρὶς</em></strong></span> <span class='ocrx_word' id='word_1_190' title='bbox 271 3039 379 3127; x_wconf 82' lang='grc' dir='ltr'><strong><em>ὄνομα</em></strong></span> <span class='ocrx_word' id='word_1_191' title='bbox 401 3033 456 3129; x_wconf 79' lang='grc' dir='ltr'><strong><em>ἦν,</em></strong></span> <span class='ocrx_word' id='word_1_192' title='bbox 474 3044 591 3129; x_wconf 79' lang='grc' dir='ltr'><strong><em>ψῆφον</em></strong></span> <span class='ocrx_word' id='word_1_193' title='bbox 615 3038 698 3129; x_wconf 72' lang='grc' dir='ltr'><strong><em>ὑπὲρ</em></strong></span> <span class='ocrx_word' id='word_1_194' title='bbox 720 3045 782 3110; x_wconf 88' lang='grc' dir='ltr'><strong><em>τού</em></strong></span> <span class='ocrx_word' id='word_1_195' title='bbox 800 3044 949 3130; x_wconf 88' lang='grc' dir='ltr'><strong><em>πολέμου</em></strong></span> <span class='ocrx_word' id='word_1_196' title='bbox 974 3043 1106 3130; x_wconf 83' lang='grc' dir='ltr'><strong><em>διηνεγ-</em></strong></span> 
     </span>
     <span class='ocr_line' id='line_1_28' title="bbox 168 3196 1107 3291; baseline 0.002 -35"><span class='ocrx_word' id='word_1_197' title='bbox 168 3208 183 3256; x_wconf 83' lang='grc'>2</span> <span class='ocrx_word' id='word_1_198' title='bbox 203 3196 493 3272; x_wconf 80' lang='grc' dir='ltr'><strong><em>κρουστομερινουςΒ</em></strong></span> <span class='ocrx_word' id='word_1_199' title='bbox 521 3197 824 3291; x_wconf 81' lang='grc' dir='ltr'><strong><em>κρουστομερηνούςΑ</em></strong></span> <span class='ocrx_word' id='word_1_200' title='bbox 849 3206 853 3272; x_wconf 92' lang='grc' dir='ltr'>Ι</span> <span class='ocrx_word' id='word_1_201' title='bbox 878 3202 1107 3288; x_wconf 80' lang='grc' dir='ltr'><strong><em>παρεσκευασμέ-</em></strong></span> 
     </span>
     <span class='ocr_line' id='line_1_29' title="bbox 97 3267 1108 3358; baseline 0.001 -33"><span class='ocrx_word' id='word_1_202' title='bbox 97 3271 187 3334; x_wconf 83' lang='grc' dir='ltr'><strong><em>νοςΑ</em></strong></span> <span class='ocrx_word' id='word_1_203' title='bbox 214 3272 538 3358; x_wconf 80' lang='grc' dir='ltr'><strong><em>καρισιιευασμένο&lt;υ&gt;ς</em></strong></span> <span class='ocrx_word' id='word_1_204' title='bbox 560 3273 583 3326; x_wconf 92' lang='grc' dir='ltr'>Β</span> <span class='ocrx_word' id='word_1_205' title='bbox 669 3279 685 3328; x_wconf 89' lang='grc'>8</span> <span class='ocrx_word' id='word_1_206' title='bbox 709 3268 856 3336; x_wconf 87' lang='grc' dir='ltr'><strong><em>ἀπόκτισις</em></strong></span> <span class='ocrx_word' id='word_1_207' title='bbox 881 3275 957 3328; x_wconf 82' lang='grc' dir='ltr'><strong><em>ΑΒν.</em></strong></span> <span class='ocrx_word' id='word_1_208' title='bbox 988 3267 1108 3342; x_wconf 81' lang='grc' dir='ltr'><strong><em>ἀποίκη</em></strong></span> 
     </span>
     <span class='ocr_line' id='line_1_30' title="bbox 96 3338 1107 3413; baseline 0 -16"><span class='ocrx_word' id='word_1_209' title='bbox 96 3362 138 3405; x_wconf 87' lang='grc' dir='ltr'><strong><em>σις</em></strong></span> <span class='ocrx_word' id='word_1_210' title='bbox 156 3344 202 3398; x_wconf 93' lang='lat' dir='ltr'><strong><em>Bb</em></strong></span> <span class='ocrx_word' id='word_1_211' title='bbox 286 3350 317 3397; x_wconf 87' lang='lat'><strong><em>11</em></strong></span> <span class='ocrx_word' id='word_1_212' title='bbox 342 3343 390 3396; x_wconf 83' lang='grc' dir='ltr'><strong><em>καλ</em></strong></span> <span class='ocrx_word' id='word_1_213' title='bbox 413 3338 464 3410; x_wconf 84' lang='grc' dir='ltr'><strong><em>τὴν</em></strong></span> <span class='ocrx_word' id='word_1_214' title='bbox 487 3339 557 3412; x_wconf 85' lang='grc' dir='ltr'><strong><em>πρὸς</em></strong></span> <span class='ocrx_word' id='word_1_215' title='bbox 580 3339 646 3408; x_wconf 84' lang='grc' dir='ltr'><strong><em>τούς</em></strong></span> <span class='ocrx_word' id='word_1_216' title='bbox 670 3361 692 3398; x_wconf 89' lang='grc' dir='ltr'><strong><em>ο.</em></strong></span> <span class='ocrx_word' id='word_1_217' title='bbox 717 3345 872 3399; x_wconf 85' lang='lat' dir='ltr'>Ambrosch</span> <span class='ocrx_word' id='word_1_218' title='bbox 955 3349 987 3397; x_wconf 88' lang='grc'><strong><em>14</em></strong></span> <span class='ocrx_word' id='word_1_219' title='bbox 1006 3363 1107 3413; x_wconf 83' lang='grc' dir='ltr'><strong><em>τυρρη-</em></strong></span> 
     </span>
    </p>
   </div>
   <div class='ocr_carea' id='block_1_3' title="bbox 96 3409 1105 3555">
    <p class='ocr_par' dir='ltr' id='par_1_3' title="bbox 96 3409 1105 3555">
     <span class='ocr_line' id='line_1_31' title="bbox 96 3409 1105 3476; baseline 0 -8"><span class='ocrx_word' id='word_1_220' title='bbox 96 3416 167 3476; x_wconf 88' lang='grc' dir='ltr'><strong><em>νίοις</em></strong></span> <span class='ocrx_word' id='word_1_221' title='bbox 194 3415 239 3468; x_wconf 79' lang='lat' dir='ltr'><strong><em>Ba</em></strong></span> <span class='ocrx_word' id='word_1_222' title='bbox 330 3419 362 3468; x_wconf 81' lang='lat'><strong><em>15</em></strong></span> <span class='ocrx_word' id='word_1_223' title='bbox 391 3412 497 3475; x_wconf 83' lang='grc' dir='ltr'><strong><em>κέλλιος</em></strong></span> <span class='ocrx_word' id='word_1_224' title='bbox 524 3415 570 3469; x_wconf 91' lang='lat' dir='ltr'><strong><em>Bb</em></strong></span> <span class='ocrx_word' id='word_1_225' title='bbox 662 3419 695 3469; x_wconf 89' lang='grc'><strong><em>18</em></strong></span> <span class='ocrx_word' id='word_1_226' title='bbox 723 3410 853 3470; x_wconf 85' lang='grc' dir='ltr'><strong><em>ἀποικίαι</em></strong></span> <span class='ocrx_word' id='word_1_227' title='bbox 881 3416 904 3470; x_wconf 95' lang='grc' dir='ltr'><strong>Β</strong></span> <span class='ocrx_word' id='word_1_228' title='bbox 940 3409 1054 3468; x_wconf 84' lang='grc' dir='ltr'><strong><em>ἀποικοι</em></strong></span> <span class='ocrx_word' id='word_1_229' title='bbox 1079 3416 1105 3472; x_wconf 85' lang='lat' dir='ltr'><strong>R</strong></span> 
     </span>
     <span class='ocr_line' id='line_1_32' title="bbox 97 3480 948 3555; baseline -0.001 -16"><span class='ocrx_word' id='word_1_230' title='bbox 97 3481 168 3540; x_wconf 61' lang='lat'><strong><em>23*</em></strong></span> <span class='ocrx_word' id='word_1_231' title='bbox 149 3503 294 3540; x_wconf 88' lang='grc' dir='ltr'><strong><em>ανοιανο.</em></strong></span> <span class='ocrx_word' id='word_1_232' title='bbox 314 3485 492 3540; x_wconf 72' lang='lat' dir='ltr'><strong>casaubonus</strong></span> <span class='ocrx_word' id='word_1_233' title='bbox 561 3493 595 3541; x_wconf 82' lang='lat'><strong><em>26</em></strong></span> <span class='ocrx_word' id='word_1_234' title='bbox 614 3480 728 3555; x_wconf 89' lang='grc' dir='ltr'><strong><em>ιιύρις..</em></strong></span> <span class='ocrx_word' id='word_1_235' title='bbox 747 3481 903 3555; x_wconf 85' lang='grc' dir='ltr'><strong><em>Βιιυρισὸν</em></strong></span> <span class='ocrx_word' id='word_1_236' title='bbox 922 3485 948 3538; x_wconf 85' lang='lat' dir='ltr'>R</span> 
     </span>
    </p>
   </div>
   <div class='ocr_carea' id='block_1_4' title="bbox 0 0 1232 3916">
    <p class='ocr_par' dir='ltr' id='par_1_4' title="bbox 0 0 1232 3916">
     <span class='ocr_line' id='line_1_33' title="bbox 0 0 1232 3916; baseline 0 1"><span class='ocrx_word' id='word_1_237' title='bbox 0 0 1232 3916; x_wconf 95' lang='lat' dir='ltr'><strong><em> </em></strong></span> 
     </span>
    </p>
   </div>
  </div>
 </body>
</html>
