2454 3916
571 235 737 286 -Γ-

243 392 328 459 LVI.
365 391 507 478 Σιιάφας
542 395 756 478 ποταμηγοὺς
790 393 847 460 καί
884 396 1017 480 σχεδίας
1053 392 1163 474 ξύλων

124 496 245 568 ,αῦωυ
267 499 323 566 καὶ
346 497 532 587 φρυγάνων
555 498 736 586 γεμούσας,
763 503 812 567 ἔτι
840 498 878 567 δὲ
905 503 1027 585 πίσσης
1049 499 1164 567 τεκαὶ
1215 559 1219 567 .

150 610 251 674 θείου
277 604 617 694 παρασκευασάμενος
644 606 697 673 ἐπὶ
724 607 873 696 θατέρου
895 610 963 674 τῶν
986 609 1213 693 ποταμῶν,559

149 710 229 800 παρ’
251 708 292 780 δν
319 710 421 792 αύτδς
447 711 755 801 ἐστρατοπεδεύκει,
783 717 893 783 ἔπειτα
916 713 1067 801 φυλάξας
1087 711 1164 782 άνε-

122 846 216 906 εμον
241 817 359 907 οῦριον
386 820 461 907 περὶ
489 818 551 907 τὴν
580 817 730 907 ἑωθινὴν
756 818 912 908 φυλακην
938 823 1006 907 πῦρ
1037 822 1164 888 ἐνεῖναι

149 938 222 1007 ταίς
244 924 341 1007 ῦλαις
364 927 514 995 ἐκέλευσε
536 927 593 995 καί
616 936 772 1015 μεθείναι
791 925 850 1008 τὰς
873 926 1004 1015 σκάφας
1026 926 1083 994 καί
1106 923 1165 1006 τὰς

150 1036 284 1119 σχεδίας
309 1032 476 1120 φέρεσθαι
502 1031 584 1101 κατὰ
612 1037 707 1121 ῥοῦν.
756 1034 797 1102 αἱ
824 1033 863 1102 δὲ
884 1036 922 1102 ἐν
947 1033 1049 1125 dama
1072 1032 1173 1101 πάνυ

149 1138 261 1229 χρόυφ
290 1142 488 1207 διελθοῦσαι
519 1138 581 1208 τὸν
607 1138 730 1226 μεταξὺ
759 1139 869 1227 πόρον
895 1142 1097 1227 ἐμπίπτουσι
1124 1143 1164 1229 τῇ

107 1245 282 1337 2γεφύρηι
308 1246 364 1314 καὶ
394 1245 604 1327 ἀνάπτουσιν
631 1244 738 1333 αὐτὴν
765 1245 987 1334 πολλαχόθεν.
1033 1246 1165 1315 τῶνδὲ

108 1370 136 1410 1⁰
151 1357 315 1439 Σαβίνων
342 1351 387 1434 ὡς
415 1351 508 1422 εἶδον
541 1351 640 1440 άφνω
667 1353 796 1440 πολλὴν
827 1352 939 1441 φλόχα
970 1354 1165 1440 φερομένην

150 1460 417 1549 συνδραμόντων
446 1459 499 1528 ἐπί
521 1459 584 1546 τὴν
606 1459 775 1546 βοήθειαν
800 1460 856 1527 καί
878 1460 988 1528 πάντα
1011 1485 1164 1547 μηχανω-

150 1568 263 1653 μένων
297 1564 359 1634 όσα
392 1569 571 1654 σβεστήρια
602 1570 663 1635 τοῦ
695 1563 801 1653 πυρὸς
832 1557 892 1655 ἦν,
919 1557 1000 1649 ἦμεν
1029 1564 1048 1634 ὁ
1080 1575 1163 1655 Ταρ-

148 1671 266 1753 κύνιος
283 1673 359 1761 περὶ
377 1674 437 1741 τὸν
457 1672 589 1763 όρθρον
606 1671 699 1760 όιχων
717 1675 988 1760 συντεταγμένην
1009 1672 1072 1760 τὴν
1087 1672 1165 1742 Ῥω·

149 1784 259 1866 μαίων
287 1780 435 1866 δύναμιν
462 1781 519 1848 καί
545 1779 749 1868 προσβαλὼν
780 1782 913 1870 θατέρῳ
945 1779 1067 1867 χάρακι
1096 1785 1164 1850 τῶν

109 1908 136 1949 ιε
151 1885 213 1973 μὲν
236 1890 401 1954 πλείστων
424 1886 667 1954 ἐκλελοιπότων
689 1884 748 1967 τάς
770 1883 922 1973 φυλακὰς
945 1884 1002 1954 διὰ
1024 1885 1087 1974 τὴν
1112 1889 1165 1955 ἐπὶ

149 1989 191 2060 τὰ
211 1991 374 2079 καιόμενα
394 1989 514 2080 ὁρμήν,
531 1989 656 2078 ὀλίγων
676 1993 716 2060 δέ
735 2018 840 2061 τινων
859 1990 943 2080 πρὸς
961 1990 1069 2079 ἀλκὴν
1087 2019 1165 2082 τρα-

108 2103 130 2168 3
150 2100 325 2186 πομένων,
348 2097 508 2187 ἐγκρατὴς
531 2095 637 2167 αὐτοῦ
659 2103 787 2184 γίνεται
811 2103 889 2187 δίχα
910 2098 1029 2168 πόνου.
1076 2101 1114 2168 ἐν
1137 2091 1165 2191 ᾧ

150 2205 188 2274 δὲ
215 2208 319 2274 ταῦτα
347 2204 523 2295 ἐπράττετο
550 2204 662 2297 χρόνῳ
689 2206 746 2273 καί
772 2203 834 2274 τὸν
865 2206 980 2293 ἕτερον
1002 2210 1072 2274 τῶν
1096 2214 1164 2274 Σα-

149 2316 258 2397 βίνων
290 2310 418 2399 χάρακα
449 2308 510 2380 τὸν
547 2313 700 2381 ἐπέκεινα
730 2316 793 2379 τοῦ
823 2315 976 2398 ποταμοῦ
1007 2316 1165 2400 κείμενον

110 2439 137 2480 ιο
151 2419 246 2505 ἑτέρα
275 2417 419 2504 δύναμις
435 2415 609 2505 Ῥωμαίων
637 2419 828 2487 ἐπελθοῦσα
858 2422 960 2506 αίρεῖ,
986 2415 1008 2505 ἢ
1036 2444 1165 2508 προαπ-

150 2526 287 2594 έσταλτο
324 2523 385 2611 μὲν
425 2520 490 2591 ῦπδ
533 2527 724 2611 Ταρκυνίου
758 2525 835 2613 περὶ
870 2529 1006 2614 πρῶτον
1041 2523 1165 2612 ῦπνον,

151 2630 346 2717 διεληλύθει
375 2630 413 2699 δὲ
439 2629 500 2698 τὸν
523 2631 559 2698 ἐν
582 2634 652 2698 τῶν
682 2635 777 2699 δυεῖν
798 2635 958 2718 ποταμῶν
981 2632 1042 2700 ἕνα
1064 2631 1212 2720 rad-500

150 2764 255 2825 μενον
284 2740 321 2806 ἐν
350 2737 495 2824 σκάφαις
520 2738 576 2805 καὶ
602 2741 750 2823 σχεδίαις
775 2734 855 2805 καθ’
882 2733 900 2804 δ
929 2738 1030 2824 μέρος
1050 2763 1164 2827 περαι-

152 2844 278 2930 ουμένη
306 2842 472 2930 λήσεσθαι
500 2849 613 2931 ἔμελλε
640 2841 719 2923 τοῦς
741 2847 931 2931 Σαβίνους,
957 2850 1103 2931 πλησίον
1127 2845 1165 2912 δὲ

109 2971 136 3012 ιι
150 2954 209 3037 της
237 2949 349 3037 ἑτέρας
381 2950 530 3038 ἐγεγόνει
557 2954 770 3038 παρεμβολῆς
796 2948 865 3038 ἅμα
894 2954 940 3043 τῷ
969 2949 1165 3020 θεάσασθαι

149 3055 213 3145 τὴν
236 3058 389 3144 γέφυραν
412 3058 610 3145 ιιαιομίυην·
637 3061 737 3126 τοῦτο
760 3055 825 3145 γὰρ
847 3048 892 3144 ἦν
915 3053 999 3145 αῦτη
1022 3056 1061 3126 τδ
1086 3057 1166 3127 σύν-

223 3293 239 3342 2
262 3288 347 3343 θείου
371 3307 402 3342 τε
425 3286 475 3342 καὶ
497 3289 598 3356 πίσσης
621 3287 643 3343 Ο
671 3289 784 3374 praeter
805 3286 829 3342 B
910 3295 942 3344 13
966 3283 1045 3356 ἄγων
1069 3308 1164 3345 συντε

149 3357 293 3428 ταημόνην
311 3358 377 3414 Βσ.
393 3354 510 3428 άχωνΒι
566 3363 598 3413 15
617 3358 666 3414 καί
684 3354 772 3414 διάΒ
828 3366 861 3415 17
880 3357 1009 3415 πόνουΒ
1027 3355 1165 3416 πόνωνΒ

150 3437 185 3487 20
205 3432 280 3499 αίρει
298 3431 324 3485 Α
347 3429 402 3487 def.
423 3430 544 3501 Sylburg
622 3437 655 3485 22
679 3431 748 3485 δυει
744 3450 761 3484 ν
783 3429 806 3484 Β
829 3433 911 3486 δυοιν
933 3432 959 3486 R
1034 3432 1071 3487 28
1090 3427 1164 3502 χινό·

151 3520 238 3570 μενον
257 3500 280 3554 Β
297 3503 301 3569 Ι
318 3496 394 3556 καθὸ
413 3503 439 3556 Α
512 3508 547 3556 24
565 3496 632 3564 τοῦς
649 3503 793 3575 Σαβίνους
812 3499 950 3570 ἔμελλεΒ
