2454 3916
153 223 219 289 316
576 225 741 276 -Γ-

151 384 208 452 καὶ
225 385 330 452 ταῦτα
347 382 502 470 πράττων
520 407 555 451 τε
573 383 630 450 καὶ
648 380 891 467 διανοούμενος
908 379 1058 460 ἅπαντας
1074 379 1171 448 ἐλάν-

113 493 250 559 5θανε.
290 489 417 570 Τύλλος
436 488 467 558 δ’
485 489 598 577 ἐπειδὴ
616 475 887 577 παρεσκευάσατο
905 487 969 575 τήν
987 486 1016 557 τ’
1039 492 1170 557 οίκείαν

151 598 209 667 καὶ
235 595 298 683 τὴν
325 595 536 684 συμμαχικὴν
565 594 713 683 δύναμιν
740 597 856 683 ἐξῆγεν
885 596 937 666 ἐπὶ
964 592 1044 674 τοὺς
1069 602 1171 663 πολε-

153 708 252 792 μίους
273 704 329 772 καὶ
349 701 469 791 διαβάς
490 701 551 772 τὸν
571 701 706 789 Ἀνίητα
723 702 875 790 ποταμὸν
894 699 936 770 οὗ
954 699 1087 789 μακράν
1106 706 1221 788 τῆςατε

126 809 309 897 εΦιδήνης
329 812 703 900 κατεστρατοπέδευσεν.
747 807 857 898 εὑρὼν
881 807 919 878 δέ
941 806 1006 897 πρὸ
1029 811 1089 895 τῆς
1110 807 1172 876 πό-

152 925 236 999 λεως
259 915 418 1007 στρατιάν
442 918 681 1004 ἐκτεταγμένην
706 915 835 1003 πολλὴν
862 913 975 985 αὐτῶν
1002 941 1038 982 τε
1064 919 1172 1002 Φιδη-

152 1030 260 1094 ναίων
283 1024 339 1092 καὶ
362 1027 431 1092 τῶν
454 1022 722 1112 συμμαχούντων
740 1021 855 1103 αὐτοῖς
873 1024 1006 1110 έκείνην
1025 1021 1089 1109 μέν
1107 1020 1171 1110 τὴν

152 1128 283 1218 ἡμέραν
305 1130 449 1218 ἡσυχίαν
469 1134 554 1217 ἔσχε,
576 1133 617 1219 τη
641 1127 673 1197 δ’
695 1130 769 1217 έξῆς
785 1127 997 1217 Φουφέττιόν
1018 1155 1055 1197 τε
1074 1155 1172 1217 μετα-

153 1236 368 1324 πεμψάμενος
389 1234 450 1304 τὸν
469 1234 635 1323 Ἀλβανόν
657 1237 800 1305 καὶτῶν
823 1233 936 1304 ἄλλων
960 1240 1070 1322 φίλων
1091 1231 1173 1316 τοὺς

114 1370 140 1410 ιο
153 1341 439 1431 ἀναγκαιοτάτους
467 1342 599 1411 ἐσκόπει
625 1340 695 1430 μετ’
726 1344 864 1412 ἐκείνων
896 1347 973 1411 τίνα
1004 1343 1172 1431 χρηστέον

154 1459 205 1537 είη
228 1454 274 1543 τῷ
298 1451 431 1542 πολέμφ
449 1448 588 1539 τρόπον,
610 1449 667 1517 καὶ
685 1448 801 1536 ἐπειδὴ
818 1452 922 1518 πᾶσιν
946 1451 1039 1530 ἐδοξε
1057 1447 1173 1536 μάχην

152 1563 312 1627 τίσεσθαι
331 1557 516 1643 διαταχέων
534 1557 590 1624 καὶ
609 1553 653 1643 μὴ
671 1560 800 1644 τρίβειν
818 1555 879 1624 τὸν
897 1554 1036 1644 χρόνον,
1054 1554 1173 1643 χώραν

152 1664 209 1733 καί
236 1662 347 1749 τάξιν,
373 1659 418 1750 ἣν
446 1663 581 1742 ἕκαστος
609 1667 745 1749 ἐμελλεν
769 1662 871 1747 ἕξειν,
898 1659 1069 1749 προειπὼν
1093 1660 1173 1750 ἡμέ-

154 1798 219 1858 ραν
250 1797 286 1840 τε
313 1768 430 1859 ὁρίσας
461 1774 521 1858 τῆς
548 1769 654 1857 μάχης
685 1767 748 1856 την
778 1769 921 1839 κατόπιν
949 1771 1083 1838 διέλυσε
1109 1770 1173 1839 τὸν

114 1852 331 1980 ᾗσόλλογον.
373 1875 391 1945 ὁ
416 1876 454 1947 δέ
473 1875 634 1964 Ἀλβανδς
660 1877 867 1965 Φουφέττιος
884 1869 942 1966 (ἦν
966 1874 1030 1964 γάρ
1056 1876 1099 1964 δὴ
1123 1881 1173 1945 ἔτι

153 1981 281 2071 άδηλος
296 1983 435 2053 καὶτῶν
454 1984 575 2052 ἑαυτοῦ
590 1989 700 2070 φίλων
714 1990 852 2065 πολλοῖς
864 1985 1053 2071 προδοσίαν
1068 2010 1175 2072 μηχα-

153 2090 318 2181 νώμενος)
348 2093 553 2179 συγκαλέσας
581 2089 661 2171 τοὺς
688 2089 973 2178 ἐπιφανεστάτους
997 2088 1174 2177 Ἀλβανῶν

154 2197 319 2285 λοχαγοὺς
349 2199 406 2267 καί
433 2197 630 2285 ταξιάρχους
662 2199 751 2284 λέγει
779 2195 863 2286 πρὸς
892 2195 1016 2276 αὐτοὺς
1042 2197 1174 2266 τοιάδε·

143 2302 288 2394 ’Ἄνδρες
305 2308 476 2395 ταξίαρχοι
489 2305 545 2373 καὶ
560 2307 709 2392 λοχαγοί,
722 2303 899 2393 πράγματα
913 2304 1022 2391 μέλλω
1036 2306 1071 2384 ἐς
1085 2302 1175 2392 ὑμᾶς

114 2439 141 2479 εο
154 2411 282 2499 μεγάλα
304 2413 360 2481 καὶ
387 2411 623 2502 ἀπροσδόκητα
651 2412 820 2498 ἐκφέρειν,
846 2406 868 2478 δ
890 2411 971 2491 τέως
994 2415 1174 2500 ἔκρυπτον,

155 2517 289 2588 ίκετεόω
315 2518 353 2587 δέ
372 2517 457 2608 ὑμᾶς
474 2516 647 2608 άπόρρητα
666 2517 885 2605 ποιήσασθαι,
905 2522 936 2586 εί
953 2517 998 2607 μή
1017 2545 1059 2606 με
1079 2522 1221 2606 διερ-474

154 2626 317 2714 γάσεσθε,
348 2627 404 2694 καὶ
436 2624 497 2694 ἐὰν
530 2624 611 2714 δόξη
645 2630 818 2694 συνοίσειν
846 2627 977 2711 ἐπιτελῆ
1005 2624 1174 2714 γενόμενα

156 2736 384 2820 συλλαβέσθαι
404 2759 462 2821 μοι
480 2731 602 2801 αὐτῶν.
642 2730 750 2802 πολλὰ
768 2731 831 2820 μέν
851 2723 914 2801 οὖν
932 2734 1044 2818 λέγειν
1064 2730 1082 2800 ό
1101 2760 1174 2802 και-

155 2841 216 2932 ρός
240 2839 302 2910 οὐκ
325 2842 490 2930 ἐπιτρέπει
512 2838 639 2929 βραχὺς
666 2837 731 2926 όίν,
760 2835 844 2908 αὐτὰ
869 2838 907 2907 δέ
928 2837 969 2908 τά
991 2837 1174 2926 ἀναγκαιό-

155 2976 237 3021 τατα
260 2951 334 3037 ἐρῶ.
380 2945 444 3034 ἐγὼ
467 2946 576 3015 πάντα
598 2943 659 3015 τὸν
682 2945 804 3033 μεταξὺ
827 2944 954 3035 χρόνον
977 2948 1011 3028 ἐξ
1034 2938 1077 3015 οὗ
1095 2945 1173 3016 Ῥω-

117 2922 135 2986 7

115 3008 141 3050 25

229 3151 245 3200 2
268 3139 321 3215 τὴν
347 3140 417 3199 τ’Β
444 3144 497 3214 τήν
524 3162 554 3198 τε
582 3143 608 3198 Β
689 3147 706 3196 4
731 3136 835 3211 άνιῆτα
858 3142 884 3197 A
965 3146 982 3196 5
1005 3143 1132 3212 φιδηνῆς
1150 3145 1175 3197 A

158 3225 192 3274 10
211 3211 274 3289 μετ’
295 3211 406 3271 ἐκεῖνον
424 3218 450 3270 A
510 3218 554 3268 '11
575 3216 619 3283 είη
638 3213 734 3269 om.B
807 3219 840 3268 13
859 3207 896 3282 ἣν
920 3209 1036 3283 ἔμελλον
1056 3211 1174 3278 ἕκαστος

157 3290 180 3346 Ο
195 3291 308 3360 praeter
320 3288 344 3341 B
398 3292 432 3341 17
446 3280 513 3348 τοδς
528 3280 771 3355 ἐπιφανεστάτους
785 3284 810 3339 A
828 3284 885 3340 τόν
899 3279 1136 3354 ἐπιφανεστάτων
1149 3286 1174 3340 Β

156 3367 190 3417 21
211 3354 482 3431 διεργάο<ε>οθ<ε>
504 3355 527 3410 Β
556 3355 584 3412 εί
605 3352 637 3412 δδ
661 3352 709 3428 μὴ,
732 3351 919 3425 διεργάσεσθέ
943 3374 977 3426 με
1002 3373 1025 3410 ο.
1045 3355 1174 3412 ΗεελΙείυ

156 3433 274 3489 Hermes
292 3429 318 3486 X
335 3449 362 3502 p.
381 3434 433 3484 411
507 3432 541 3484 22
560 3427 610 3483 καί
628 3442 683 3482 om.
703 3429 728 3481 A
745 3419 819 3483 κάνλ
891 3432 925 3482 23
945 3421 1174 3498 συλλάβεοθαιΒ

157 3500 332 3575 ουλλάβεοδε
351 3502 377 3557 A
448 3504 484 3556 24
501 3494 749 3571 τάνυγκαιόταταλ
