2454 3916
127 228 170 295 86
552 231 719 285 -A-

126 390 188 478 μὲν
227 388 301 459 οὐδ’
341 394 456 460 ἐλθεῖν
488 394 631 458 Αἰνείαν
668 390 774 476 φασίν
811 394 859 470 εἰς
892 388 1036 458 Ἰταλίαν
1073 388 1143 478 ἅμα

130 502 278 584 Τρωσίν,
303 500 337 566 οἰ
359 494 390 564 δ’
417 499 531 584 ἕτερον
554 501 713 581 Αἰνείαν,
737 493 779 565 οὐ
805 493 867 564 τὸν
890 498 923 578 ἐξ
943 494 1145 584 Ἀφροδίτης

125 604 183 672 καί
201 601 357 692 Ἀγχίσου
379 603 577 691 γενόμενον,
601 607 637 672 οί
658 601 690 670 δ’
713 601 891 671 Ἀσκάνιον
909 601 969 672 τὸν
989 609 1144 691 Αἰνείου,

128 712 163 779 οἰ
193 709 224 778 δ’
259 710 383 791 ἀλλους
413 710 517 791 τινάς.
562 711 628 778 εἰσί
660 708 692 777 δ’
727 715 763 779 οἳ
790 708 851 779 τὸν
884 712 917 792 ἐξ
943 708 1146 798 Ἀφροδίτης

100 821 269 886 ῡΑἰνείαν
291 820 428 905 λέγουσι
450 817 703 904 καταστήσαντα
720 815 782 886 τὸν
804 816 908 904 λόχον
931 821 979 896 εἰς
998 814 1145 886 Ἰταλίαν

126 921 400 1011 ἀνακομισθῆναι
421 922 523 992 πάλιν
544 928 658 992 οἰκαδε
670 925 727 992 καί
749 927 947 1009 βασιλεῦσαι
968 927 1028 1011 τῆς
1046 930 1145 1010 Τροί-

129 1057 185 1116 ας,
207 1034 413 1098 τελευτῶντα
442 1029 480 1098 δὲ
501 1038 696 1098 καταλιπεῖν
716 1028 878 1121 Ἀσκανίῳ
899 1034 946 1121 τῷ
969 1031 1066 1098 παιδὶ
1079 1028 1144 1118 τὴν

126 1140 321 1224 βασιλείαν,
353 1136 409 1204 καί
439 1134 478 1204 τὸ
511 1134 571 1204 ἀπ’
607 1139 739 1205 ἐκείνου
770 1138 869 1222 γένος
900 1137 953 1204 ἐπὶ
984 1144 1145 1207 πλεῖστον

126 1256 303 1329 κατασχεῖν
325 1240 387 1330 τὴν
410 1240 536 1332 ἀρχήν·
569 1239 615 1322 ὡς
637 1241 699 1330 μὲν
726 1239 791 1328 ἐγοδ
815 1241 931 1324 εἰκάζω
958 1257 1029 1323 τοῖς
1046 1240 1160 1331 ‘Omi-v

87 1369 191 1439 1ορον
214 1355 328 1418 ἐτεσιν
352 1347 413 1417 οὐκ
437 1348 550 1439 ὀρθῶς
572 1350 842 1437 λαμβανομένοις
864 1353 1145 1438 παρακρουσθέν-

86 1456 187 1537 5τες.
223 1461 398 1544 πεποίηται
420 1454 484 1544 γὰρ
508 1455 598 1549 αὐτῷ
623 1458 661 1525 ἐν
680 1454 798 1524 Ἰλιάδι
821 1460 1001 1525 Ποσειδῶν
1024 1459 1145 1544 προλί-

125 1588 197 1649 γων
228 1560 291 1650 τὴν
323 1565 513 1648 μέλλουσαν
546 1569 685 1632 ἔσεσθαι
715 1562 792 1651 περὶ
823 1560 884 1630 τὸν
911 1568 1054 1632 Αἰνείαν
1088 1565 1147 1633 καλ

125 1668 205 1749 τοὺς
227 1671 261 1751 ἐξ
284 1671 417 1738 ἐκείνου
438 1671 688 1757 γενησομένους
710 1668 911 1756 ἐπιφάνειαν
935 1661 1005 1740 ὧδέ
1024 1693 1114 1750 πως·
1147 1689 1198 1740 131

193 1798 260 1862 νῦν
283 1793 322 1861 δέ
345 1791 387 1880 δη
410 1798 551 1863 Αἰνείαο
573 1798 631 1881 βίη
659 1793 830 1882 Τρώεσσιν
853 1792 968 1875 ἀνάξει

87 1926 113 1968 ιε
193 1901 248 1968 καί
271 1904 388 1982 παῖδες
409 1905 552 1986 παίδων,
574 1907 631 1969 τοί
648 1928 708 1969 κεν
731 1900 914 1988 μετόπισθε
936 1902 1112 1988 γένωνται.

126 2022 355 2110 ὑπολαβόντες
384 2017 447 2094 οὖν
475 2024 535 2094 τὸν
553 2023 705 2113 ’Όμηρον
733 2027 770 2093 ἐν
797 2030 931 2115 Φρυγίᾳ
961 2026 1147 2095 δυναστεύ-

128 2158 228 2212 οντας
251 2134 377 2202 εἰδέναι
395 2131 475 2212 τοὺς
489 2131 632 2221 ἀνδρας,
656 2130 701 2212 ὡς
716 2130 758 2219 δὴ
774 2130 816 2200 οό
840 2131 989 2200 δυνατὸν
1004 2127 1090 2221 <όν>
1106 2135 1146 2202 ἐν

123 2237 247 2330 Ἰταλίᾳ
271 2243 447 2319 οἰκοῦντας
468 2237 661 2325 βασιλεύειν
687 2236 823 2325 Τρώων,
846 2239 908 2325 τὴν
931 2235 1145 2326 ἀνακομιδὴν
1195 2232 1199 2237 ’

126 2350 188 2416 τοῦ
217 2351 359 2416 Αἰνείου
388 2345 589 2415 ἀνέπλασαν.
635 2343 751 2433 ἀρχειν
782 2343 821 2412 δὲ
850 2342 892 2432 δὴ
923 2349 991 2412 τῶν
1019 2344 1147 2434 Τρώων

86 2480 115 2521 νο
129 2450 189 2537 οὓς
212 2453 350 2541 ἐπήγετο
373 2453 429 2521 καί
452 2451 575 2522 ἀλλοθι
598 2452 868 2537 πολιτευομένων
889 2447 951 2518 οὐκ
973 2449 1148 2520 ἀδύνατον

126 2553 188 2649 ἦν·
221 2566 291 2648 ἔχοι
311 2558 342 2627 δ’
364 2559 407 2629 ἀν
421 2587 473 2639 τις
485 2564 544 2646 τῆς
557 2558 684 2646 ἀπάτης
696 2558 752 2626 καί
768 2559 880 2646 ἑτέρας
894 2561 1002 2636 αἰτίας
1019 2562 1148 2643 λαβεῖν.

216 2670 320 2735 LIIH.
344 2670 389 2734 Εἰ
407 2666 448 2733 δέ
467 2691 562 2744 τινας
579 2664 732 2754 ταράττει
754 2661 792 2732 τό
811 2667 960 2752 πολλαχῇ
984 2665 1152 2749 λέγεσθαί

126 2800 162 2842 τε
191 2773 248 2841 καί
280 2775 480 2840 δείκνυσθαι
510 2771 640 2858 τάφους
669 2775 811 2839 Αἰνείου
841 2768 1017 2857 ἀμηχάνου
1047 2768 1149 2852 ὄντος

128 2882 166 2949 ἐν
188 2883 319 2948 πλείοσι
340 2876 401 2946 τὸν
431 2876 535 2945 αὐτὸν
557 2877 733 2965 τεθάφθαι
756 2882 905 2965 χωρίοις,
929 2878 1149 2964 ἐνθυμηθέν-

87 3008 115 3051 οε
129 3014 182 3067 τες
205 2984 256 3056 ότι
279 2984 399 3054 κοινόν
422 2988 513 3054 ἐστιν
537 2985 590 3053 ἐπὶ
612 2987 748 3053 πολλῶν
770 2982 871 3052 τοῦτό
894 3009 931 3069 γε
953 2982 991 3052 τὸ
1015 2982 1149 3070 ἀπορον

203 3153 217 3202 1
242 3143 283 3208 εἰς
304 3140 423 3232 Ἰταλίαν
451 3144 540 3213 φασίν
567 3145 590 3198 Β
680 3149 696 3198 2
725 3139 882 3232 ἀφροδίτης
909 3143 959 3197 καί
986 3139 1149 3214 ἀγχίσονΒ
1220 3124 1224 3128 λ

130 3215 248 3310 ἀγχίσου
267 3217 317 3272 καί
335 3217 526 3285 αφροδίτηςΙί
580 3213 682 3270 3δέΒ
736 3218 856 3284 ὃοχλον
875 3231 898 3269 ο.
907 3214 1010 3283 Pflugk
1065 3220 1100 3269 14
1115 3214 1148 3271 δὲ

129 3294 159 3347 δι
190 3291 236 3344 Ba
263 3287 268 3352 Ι
292 3282 410 3357 πρόεσιν
433 3288 456 3341 Β
538 3292 572 3341 15
599 3282 627 3339 τ’
652 3285 724 3341 οἳΒ
808 3291 841 3341 17
869 3282 994 3341 δυνατόν
1022 3278 1057 3340 όν
1085 3285 1149 3342 ste-

129 3364 239 3433 phanus
258 3355 291 3415 όν
310 3358 406 3414 om.0
491 3364 523 3412 19
548 3352 713 3412 ἀνέπλασαν
736 3352 773 3427 ἀρ
792 3376 835 3412 ειν
853 3358 900 3412 Bb
928 3353 965 3411 ἀν
984 3351 1083 3427 ἀρχειν
1102 3357 1149 3413 Ba
1183 3388 1187 3394 ·

129 3433 167 3490 ἀν
182 3429 215 3489 mi
232 3425 406 3499 συνεπήγετο
421 3432 446 3484 Α
465 3430 551 3485 verba
570 3424 668 3498 ἀρχειν
682 3427 713 3484 δὲ
726 3459 760 3468 -
770 3423 916 3484 αδόνατον
929 3419 967 3496 ἦν
980 3427 1035 3483 del.
1045 3427 1149 3485 Reisko

131 3510 166 3560 20
185 3499 236 3568 οὓς
255 3498 376 3572 ἐπήγετο
396 3518 480 3572 supra
498 3500 603 3570 scripta
615 3500 646 3554 in
659 3501 685 3554 A
746 3505 779 3555 22
799 3495 954 3571 ὑπολαβεῖν
968 3515 992 3556 ο.
1007 3498 1149 3570 Kiessling
