2454 3916
134 221 176 285 92
557 224 721 276 -A-

132 386 308 470 προθυμίᾳ
332 378 465 469 ὥρμητο
490 380 658 468 ἐλάμβανέ
669 407 704 449 τε
726 383 903 450 καταθέων
918 384 954 450 έκ
971 386 1041 450 τῶν
1055 385 1152 471 πέριξ

133 490 266 576 χωρίων
291 487 399 557 ὁπόσα
418 493 465 567 είς
483 486 544 556 τὸν
566 486 732 575 πολισμὸν
753 487 843 580 αὐτῷ
867 481 911 575 ἦν
934 488 1082 577 χρήσιμα
1095 489 1153 558 καὶ

134 595 276 683 μάλιστα
300 601 414 685 ἔμελλε
437 593 569 682 λυπηρά
589 607 660 673 τοίς
682 593 899 683 ἀφαιρεθεῖσι
922 595 1153 684 φανήσεσθαι,

134 706 275 790 σίδηρον
312 703 368 770 καλ
405 701 487 783 ξύλα
523 702 579 769 καλ
615 699 673 780 τάς
709 700 894 790 γεωργικάς
928 702 1153 791 παρασκευάς.

98 793 269 922 {Anatim
298 807 355 894 δὲ,
388 804 425 886 ὃς
451 799 496 893 ἦν
523 806 597 875 τότε
625 806 804 893 βασιλεύς,
834 811 1039 895 πολεμοῦντι
1067 807 1155 897 πρὸς

134 919 237 994 έθνος
269 913 398 1003 ὅμορον
429 911 508 993 τούς
534 914 765 1001 καλουμένους
787 911 965 994 Ῥοτόλους
990 914 1047 982 κἀλ
1071 917 1154 982 δυσ-

133 1025 315 1109 ημεροῦντι
338 1019 421 1088 κατά
452 1018 511 1099 τάς
539 1019 645 1107 μάχας
681 1019 875 1107 ἀγγέλλεται
910 1020 951 1090 τά
986 1020 1155 1108 γινόμενα

134 1128 188 1195 έπλ
223 1126 260 1197 τὸ
298 1126 550 1215 φοβερώτατον,
588 1125 632 1206 ὡς
669 1125 854 1208 ἀνάστατος
886 1126 991 1197 αὐτοῦ
1022 1132 1156 1214 γίνεται

100 1220 106 1245 ¹
133 1238 223 1302 πάσα
250 1231 271 1321 ἡ
300 1232 464 1321 παράλιος
492 1231 661 1324 ὑπερορίῳ
691 1238 846 1325 στρατιᾷ,
875 1235 932 1303 καὶ
959 1238 991 1302 εί
1012 1232 1058 1322 μὴ
1083 1232 1206 1303 σύνιεσ

39 1342 71 1435 ’ζ’
95 1369 121 1410 ιο
134 1340 227 1430 τάχει
256 1339 401 1408 κωλύσει
431 1337 472 1408 τά
505 1337 661 1427 δρώμενα
691 1339 815 1429 χρυσὸς
847 1339 936 1434 αὐτῷ
964 1340 1156 1429 φανήσεται

136 1447 153 1517 ὁ
184 1446 268 1535 πρὸς
297 1445 377 1527 τούς
406 1445 645 1533 ἀστυγείτονας
674 1446 777 1534 ἀγών.
823 1446 1007 1517 ἀκούσαντι
1037 1447 1077 1516 δέ
1104 1453 1154 1542 τῷ

134 1553 237 1643 ἀνδρλ
261 1558 337 1635 δέος
360 1557 542 1642 εἰσέρχεται
564 1554 620 1622 καὶ
643 1552 761 1622 αὐτίκα
784 1559 845 1623 τοῦ
865 1555 1033 1644 παρόντος
1055 1558 1156 1625 πολέ-

135 1690 202 1751 μου
226 1663 411 1750 μεθέμενος
438 1663 491 1730 έπλ
517 1659 597 1740 τούς
624 1664 739 1748 Τρῶας
767 1660 901 1730 ἐλαύνει
923 1666 1030 1750 πολλῇ
1054 1680 1156 1750 στρα-

94 1780 115 1844 3
134 1773 199 1860 τιᾷ.
228 1767 321 1857 δρών
346 1768 383 1836 δέ
407 1766 530 1848 αὐτοὺς
549 1765 781 1854 ὡπλισμένους
798 1794 833 1835 τε
857 1765 902 1847 ὡς
916 1766 1083 1854 Ἕλληνας
1095 1771 1156 1837 καλ

94 1903 120 1944 15
136 1878 173 1944 έν
195 1874 286 1956 τάξει
308 1873 462 1966 εὐκόσμῳ
485 1873 742 1961 ἀκαταπλήκτως
762 1872 800 1942 τὸ
825 1872 941 1943 δεινὸν
963 1872 1155 1962 ὑπομένον-

134 2008 210 2068 τας,
241 1985 300 2069 τῆς
332 1981 394 2070 μέν
424 1980 542 2049 αὐτίκα
571 1981 924 2070 παρακινδυνεύσεως,
955 1976 1000 2061 ώς
1024 1980 1086 2050 οὐκ
1109 1978 1155 2052 ἀν

13 2137 17 2145 ·
135 2091 168 2171 ἐξ
192 2088 321 2176 ἐφόδου
343 2084 466 2168 αὐτοὺς
489 2093 537 2156 έτι
560 2087 816 2177 χειρωσάμενος,
839 2084 884 2175 ἣν
904 2092 978 2175 ἔσχε
993 2087 1156 2157 διάνοιαν

137 2204 277 2264 οἴκοθεν
323 2193 538 2283 ὁρμώμενος,
584 2194 822 2281 ἀποτρέπεται·
868 2195 1155 2283 στρατοπεδευσά-

136 2329 237 2392 μενος
274 2300 309 2368 δ’
349 2303 403 2371 ἐπὶ
439 2302 551 2389 λόφου
586 2301 679 2383 τινὸς
717 2299 755 2370 τό
792 2305 927 2390 πρώτον
968 2299 1156 2388 ἀναλαβεῖν

95 2438 121 2483 το
135 2409 218 2501 ᾤετο
250 2413 323 2478 δεῖν
353 2408 415 2497 τὴν
446 2409 594 2497 δύναμιν
624 2410 660 2476 έκ
689 2411 751 2476 τού
777 2405 946 2495 παρόντος
967 2404 1092 2493 κόπον,
1118 2405 1157 2488 ὃς

96 2502 101 2581 ἱ
134 2514 239 2596 πολύς
262 2519 298 2585 έκ
326 2520 453 2604 μακράς
485 2514 570 2584 δδού
596 2517 653 2584 καὶ
677 2513 848 2584 συντόνου
872 2513 1017 2596 διώξεως
1039 2511 1157 2594 αὐτοῖς

97 2586 276 2725 ἱζιλέγένετο.
306 2621 530 2710 αὐλισάμενος
560 2623 598 2691 δέ
629 2620 685 2690 διά
715 2619 837 2701 νυκτὸς
860 2619 983 2690 αὐτόθι
1012 2618 1156 2708 γνώμην

100 2810 106 2839 ¹
209 2842 224 2890 1
243 2829 368 2906 ὥρμητο]
388 2831 502 2905 ὡρμᾶτο
522 2852 545 2891 ο.
564 2835 688 2890 Reudler
705 2834 764 2904 1.1.,
783 2829 892 2903 ἀργητο
911 2851 934 2890 ο.
953 2834 1081 2890 Ηοτλίοἱυ
1100 2835 1156 2892 1.L

135 2912 209 2962 4κα
227 2901 448 2974 παρασκενάςΒ
522 2901 743 2976 θόοτοόλονςΒ
818 2912 851 2960 10
869 2901 971 2976 χρυσὸς
984 2905 1074 2962 Cobet
1087 2906 1155 2963 obs.

134 3014 162 3067 p.
175 2980 215 3051 '3'1
236 2995 302 3050 Var.
321 2994 399 3082 Leqt.
411 3012 446 3078 „9¹
465 3000 518 3078 2⁸35
536 2994 665 3079 Henlejn
683 2994 801 3049 Hermes
819 2993 845 3048 X
862 3012 890 3078 P·
909 2999 962 3049 409
981 2989 1086 3065 ὀχυρὸς
1101 2997 1156 3050 ΑΒ

173 3074 204 3121 11
229 3067 267 3140 τῷ
290 3068 317 3121 R
346 3085 423 3121 αντα
451 3086 489 3120 τω
512 3065 535 3118 Β
567 3062 724 3120 ἀκούσαντι
749 3061 778 3120 δ’
804 3061 881 3138 αύτῳ
912 3064 978 3129 δέος
1010 3082 1034 3122 c.
1060 3066 1155 3122 Kiess·

135 3140 196 3210 ling
230 3205 237 3225 Ι
269 3144 302 3192 12
321 3138 482 3221 τούβτού
503 3131 624 3191 αὐτῶΑ
697 3143 732 3191 14
749 3135 863 3223 τέωςΑ
932 3143 965 3192 15
985 3131 1154 3221 εὐκόσμωθ

135 3211 310 3337 αμα
328 3207 531 3350 γωνία
551 3192 1155 3353 00371152225332‘2522232235·HQ

135 3324 239 3408 Βείώτο
259 3356 329 3407 λοαν
347 3351 422 3438 ΑΙξε
446 3302 536 3418 §dem
554 3352 600 3406 Bb
621 3349 736 3406 ἔννοιαν
754 3350 899 3406 Meutzner
912 3352 983 3437 ,Ana
998 3351 1068 3420 phil.
1085 3357 1154 3429 1877

135 3429 354 3554 ἕὲέἷίίώζθΐ
369 3424 476 3549 ἷοιδελ.
496 3423 585 3478 Cobet
604 3421 669 3477 obs.
687 3440 714 3492 p.
735 3428 768 3478 32
830 3428 863 3477 22
883 3419 1084 3492 ανλισαμένοις
1101 3421 1154 3477 ΑΒ
