<?xml version="1.0" encoding="UTF-8"?>
<!DOCTYPE html PUBLIC "-//W3C//DTD XHTML 1.0 Transitional//EN"
    "http://www.w3.org/TR/xhtml1/DTD/xhtml1-transitional.dtd">
<html xmlns="http://www.w3.org/1999/xhtml" xml:lang="en" lang="en">
 <head>
  <title>
</title>
<meta http-equiv="Content-Type" content="text/html;charset=utf-8" />
  <meta name='ocr-system' content='tesseract 3.04.00' />
  <meta name='ocr-capabilities' content='ocr_page ocr_carea ocr_par ocr_line ocrx_word'/>
</head>
<body>
  <div class='ocr_page' id='page_1' title='image "./dionysihalicarn01diongoog_0203.png"; bbox 0 0 2454 3916; ppageno 0'>
   <div class='ocr_carea' id='block_1_1' title="bbox 552 214 714 269">
    <p class='ocr_par' dir='ltr' id='par_1_1' title="bbox 552 214 714 269">
     <span class='ocr_line' id='line_1_1' title="bbox 552 214 714 269; baseline 0 -17"><span class='ocrx_word' id='word_1_1' title='bbox 552 214 714 269; x_wconf 45' lang='grc' dir='ltr'><strong><em>-Βέ-</em></strong></span> 
     </span>
    </p>
   </div>
   <div class='ocr_carea' id='block_1_2' title="bbox 90 370 1217 2804">
    <p class='ocr_par' dir='ltr' id='par_1_2' title="bbox 90 370 1217 2804">
     <span class='ocr_line' id='line_1_2' title="bbox 128 370 1142 471; baseline -0.003 -28"><span class='ocrx_word' id='word_1_2' title='bbox 128 401 189 444; x_wconf 90' lang='grc' dir='ltr'><strong><em>τον</em></strong></span> <span class='ocrx_word' id='word_1_3' title='bbox 213 373 294 471; x_wconf 71' lang='grc' dir='ltr'><strong><em>μὲν,</em></strong></span> <span class='ocrx_word' id='word_1_4' title='bbox 327 371 380 441; x_wconf 81' lang='grc' dir='ltr'><strong><em>ὅτι</em></strong></span> <span class='ocrx_word' id='word_1_5' title='bbox 406 380 544 452; x_wconf 79' lang='grc' dir='ltr'><em>πολλοῖς</em></span> <span class='ocrx_word' id='word_1_6' title='bbox 576 370 729 459; x_wconf 83' lang='grc' dir='ltr'><strong><em>σάμασιν</em></strong></span> <span class='ocrx_word' id='word_1_7' title='bbox 761 370 911 441; x_wconf 77' lang='grc' dir='ltr'><strong><em>ἀπέδωκε</em></strong></span> <span class='ocrx_word' id='word_1_8' title='bbox 938 370 1142 458; x_wconf 77' lang='grc' dir='ltr'><strong><em>θεραπεύειν</em></strong></span> 
     </span>
     <span class='ocr_line' id='line_1_3' title="bbox 128 476 1144 569; baseline -0.003 -20"><span class='ocrx_word' id='word_1_9' title='bbox 128 477 167 549; x_wconf 84' lang='grc' dir='ltr'><strong><em>τὸ</em></strong></span> <span class='ocrx_word' id='word_1_10' title='bbox 187 478 377 567; x_wconf 79' lang='grc' dir='ltr'><strong><em>δαιμόνιον.</em></strong></span> <span class='ocrx_word' id='word_1_11' title='bbox 400 480 437 547; x_wconf 82' lang='grc' dir='ltr'><strong><em>ἐν</em></strong></span> <span class='ocrx_word' id='word_1_12' title='bbox 456 482 541 565; x_wconf 87' lang='grc' dir='ltr'><strong><em>γούν</em></strong></span> <span class='ocrx_word' id='word_1_13' title='bbox 560 476 647 567; x_wconf 80' lang='grc' dir='ltr'><strong><em>άλλη</em></strong></span> <span class='ocrx_word' id='word_1_14' title='bbox 658 477 754 547; x_wconf 86' lang='grc' dir='ltr'><strong><em>πόλει</em></strong></span> <span class='ocrx_word' id='word_1_15' title='bbox 767 483 946 569; x_wconf 76' lang='grc' dir='ltr'><strong><em>νεοκτίστῳ</em></strong></span> <span class='ocrx_word' id='word_1_16' title='bbox 960 476 1144 558; x_wconf 83' lang='grc' dir='ltr'><em>τοσούτους</em></span> 
     </span>
     <span class='ocr_line' id='line_1_4' title="bbox 131 582 1144 674; baseline -0.002 -20"><span class='ocrx_word' id='word_1_17' title='bbox 131 589 229 674; x_wconf 84' lang='grc' dir='ltr'><strong><em>ἱερεῖς</em></strong></span> <span class='ocrx_word' id='word_1_18' title='bbox 251 611 285 653; x_wconf 90' lang='grc' dir='ltr'><strong><em>τε</em></strong></span> <span class='ocrx_word' id='word_1_19' title='bbox 313 585 368 652; x_wconf 81' lang='grc' dir='ltr'><strong><em>καὶ</em></strong></span> <span class='ocrx_word' id='word_1_20' title='bbox 394 582 605 672; x_wconf 71' lang='grc' dir='ltr'><strong><em>θεραπευτάς</em></strong></span> <span class='ocrx_word' id='word_1_21' title='bbox 630 588 725 653; x_wconf 71' lang='grc' dir='ltr'><strong><em>θεῶν</em></strong></span> <span class='ocrx_word' id='word_1_22' title='bbox 748 582 852 664; x_wconf 76' lang='grc' dir='ltr'><strong><em>εὐθὺς</em></strong></span> <span class='ocrx_word' id='word_1_23' title='bbox 879 582 1144 672; x_wconf 76' lang='grc' dir='ltr'><strong><em>ἀποδειχθέντας</em></strong></span> 
     </span>
     <span class='ocr_line' id='line_1_5' title="bbox 90 687 1144 779; baseline -0.003 -17"><span class='ocrx_word' id='word_1_24' title='bbox 90 691 243 772; x_wconf 66' lang='grc' dir='ltr'><strong><em>λούδεὶς</em></strong></span> <span class='ocrx_word' id='word_1_25' title='bbox 265 687 309 760; x_wconf 88' lang='grc' dir='ltr'><strong><em>ἀν</em></strong></span> <span class='ocrx_word' id='word_1_26' title='bbox 337 695 443 760; x_wconf 78' lang='grc' dir='ltr'><strong><em>εἰπεῖν</em></strong></span> <span class='ocrx_word' id='word_1_27' title='bbox 471 696 549 779; x_wconf 80' lang='grc' dir='ltr'><strong><em>ἔχοι.</em></strong></span> <span class='ocrx_word' id='word_1_28' title='bbox 594 693 696 779; x_wconf 80' lang='grc' dir='ltr'><strong><em>χωρὶς</em></strong></span> <span class='ocrx_word' id='word_1_29' title='bbox 722 689 787 778; x_wconf 82' lang='grc' dir='ltr'><strong><em>γὰρ</em></strong></span> <span class='ocrx_word' id='word_1_30' title='bbox 814 695 883 760; x_wconf 79' lang='grc' dir='ltr'><strong><em>τῶν</em></strong></span> <span class='ocrx_word' id='word_1_31' title='bbox 911 691 1057 779; x_wconf 79' lang='grc' dir='ltr'><strong><em>ἐχόντων</em></strong></span> <span class='ocrx_word' id='word_1_32' title='bbox 1086 691 1144 773; x_wconf 82' lang='grc' dir='ltr'><strong><em>τὰς</em></strong></span> 
     </span>
     <span class='ocr_line' id='line_1_6' title="bbox 90 797 1143 887; baseline -0.002 -18"><span class='ocrx_word' id='word_1_33' title='bbox 90 827 103 869; x_wconf 82' lang='grc' dir='ltr'><strong><em>ε</em></strong></span> <span class='ocrx_word' id='word_1_34' title='bbox 130 797 328 886; x_wconf 78' lang='grc' dir='ltr'><strong><em>συγγενικὰς</em></strong></span> <span class='ocrx_word' id='word_1_35' title='bbox 348 797 534 887; x_wconf 77' lang='grc' dir='ltr'><strong><em>ἱερωσύνας</em></strong></span> <span class='ocrx_word' id='word_1_36' title='bbox 548 801 583 866; x_wconf 91' lang='grc' dir='ltr'><strong><em>οἱ</em></strong></span> <span class='ocrx_word' id='word_1_37' title='bbox 598 797 638 866; x_wconf 87' lang='grc' dir='ltr'><strong><em>τά</em></strong></span> <span class='ocrx_word' id='word_1_38' title='bbox 656 797 754 866; x_wconf 85' lang='grc' dir='ltr'><strong><em>κοινὰ</em></strong></span> <span class='ocrx_word' id='word_1_39' title='bbox 767 799 843 887; x_wconf 79' lang='grc' dir='ltr'><strong><em>περὶ</em></strong></span> <span class='ocrx_word' id='word_1_40' title='bbox 856 802 915 886; x_wconf 78' lang='grc' dir='ltr'><strong><em>τῆς</em></strong></span> <span class='ocrx_word' id='word_1_41' title='bbox 928 798 1056 879; x_wconf 91' lang='grc' dir='ltr'><strong><em>πόλεως</em></strong></span> <span class='ocrx_word' id='word_1_42' title='bbox 1071 798 1143 885; x_wconf 85' lang='grc' dir='ltr'><strong><em>ἱερά</em></strong></span> 
     </span>
     <span class='ocr_line' id='line_1_7' title="bbox 131 902 1144 994; baseline -0.001 -20"><span class='ocrx_word' id='word_1_43' title='bbox 131 909 371 984; x_wconf 80' lang='grc' dir='ltr'><strong><em>συντελοῦντες</em></strong></span> <span class='ocrx_word' id='word_1_44' title='bbox 397 903 480 972; x_wconf 84' lang='grc' dir='ltr'><strong><em>κατὰ</em></strong></span> <span class='ocrx_word' id='word_1_45' title='bbox 512 902 623 991; x_wconf 90' lang='grc' dir='ltr'><strong><em>φυλάς</em></strong></span> <span class='ocrx_word' id='word_1_46' title='bbox 653 931 688 972; x_wconf 91' lang='grc' dir='ltr'><strong><em>τε</em></strong></span> <span class='ocrx_word' id='word_1_47' title='bbox 719 906 776 973; x_wconf 81' lang='grc' dir='ltr'><strong><em>καὶ</em></strong></span> <span class='ocrx_word' id='word_1_48' title='bbox 803 904 954 994; x_wconf 81' lang='grc' dir='ltr'><strong><em>φράτρας</em></strong></span> <span class='ocrx_word' id='word_1_49' title='bbox 984 903 1144 991; x_wconf 80' lang='grc' dir='ltr'><strong><em>ἑξήκοντα</em></strong></span> 
     </span>
     <span class='ocr_line' id='line_1_8' title="bbox 129 1007 1143 1098; baseline 0.001 -19"><span class='ocrx_word' id='word_1_50' title='bbox 129 1010 384 1097; x_wconf 74' lang='grc' dir='ltr'><strong><em>κατεστάθησαν</em></strong></span> <span class='ocrx_word' id='word_1_51' title='bbox 408 1011 461 1078; x_wconf 77' lang='grc' dir='ltr'><strong><em>ἐπὶ</em></strong></span> <span class='ocrx_word' id='word_1_52' title='bbox 482 1014 541 1097; x_wconf 78' lang='grc' dir='ltr'><strong><em>τῆς</em></strong></span> <span class='ocrx_word' id='word_1_53' title='bbox 564 1012 695 1079; x_wconf 78' lang='grc' dir='ltr'><strong><em>ἐκείνου</em></strong></span> <span class='ocrx_word' id='word_1_54' title='bbox 718 1009 833 1098; x_wconf 81' lang='grc' dir='ltr'><strong><em>ἀρχῆς·</em></strong></span> <span class='ocrx_word' id='word_1_55' title='bbox 866 1012 952 1097; x_wconf 79' lang='grc' dir='ltr'><strong><em>λέγω</em></strong></span> <span class='ocrx_word' id='word_1_56' title='bbox 976 1007 1059 1078; x_wconf 64' lang='lat' dir='ltr'>M</span> <span class='ocrx_word' id='word_1_57' title='bbox 1087 1019 1143 1080; x_wconf 91' lang='grc' dir='ltr'><strong><em>Τε-</em></strong></span> 
     </span>
     <span class='ocr_line' id='line_1_9' title="bbox 131 1115 1143 1206; baseline 0.001 -21"><span class='ocrx_word' id='word_1_58' title='bbox 131 1120 259 1204; x_wconf 84' lang='grc' dir='ltr'><strong><em>ρέντιος</em></strong></span> <span class='ocrx_word' id='word_1_59' title='bbox 294 1115 459 1206; x_wconf 79' lang='grc' dir='ltr'><strong><em>Οὐάρρων</em></strong></span> <span class='ocrx_word' id='word_1_60' title='bbox 492 1119 529 1186; x_wconf 81' lang='grc' dir='ltr'><strong><em>ἐν</em></strong></span> <span class='ocrx_word' id='word_1_61' title='bbox 561 1115 812 1205; x_wconf 87' lang='grc' dir='ltr'><strong><em>ἀρχαιολογίαις</em></strong></span> <span class='ocrx_word' id='word_1_62' title='bbox 838 1119 1026 1205; x_wconf 79' lang='grc' dir='ltr'><strong><em>γέγραφεν,</em></strong></span> <span class='ocrx_word' id='word_1_63' title='bbox 1056 1115 1143 1206; x_wconf 76' lang='grc' dir='ltr'><strong><em>ἀνὴρ</em></strong></span> 
     </span>
     <span class='ocr_line' id='line_1_10' title="bbox 130 1220 1144 1312; baseline 0 -20"><span class='ocrx_word' id='word_1_64' title='bbox 130 1227 199 1292; x_wconf 81' lang='grc' dir='ltr'><strong><em>τῶν</em></strong></span> <span class='ocrx_word' id='word_1_65' title='bbox 221 1221 305 1291; x_wconf 81' lang='grc' dir='ltr'><strong><em>κατὰ</em></strong></span> <span class='ocrx_word' id='word_1_66' title='bbox 327 1221 388 1310; x_wconf 77' lang='grc' dir='ltr'><strong><em>τὴν</em></strong></span> <span class='ocrx_word' id='word_1_67' title='bbox 412 1221 517 1310; x_wconf 80' lang='grc' dir='ltr'><strong><em>αύτὴν</em></strong></span> <span class='ocrx_word' id='word_1_68' title='bbox 540 1220 674 1310; x_wconf 77' lang='grc' dir='ltr'><strong><em>ἡλικίαν</em></strong></span> <span class='ocrx_word' id='word_1_69' title='bbox 698 1221 921 1311; x_wconf 80' lang='grc' dir='ltr'><strong><em>ἀκμασάντων</em></strong></span> <span class='ocrx_word' id='word_1_70' title='bbox 944 1225 1144 1312; x_wconf 85' lang='grc' dir='ltr'><strong><em>πολυπειρό-</em></strong></span> 
     </span>
     <span class='ocr_line' id='line_1_11' title="bbox 91 1329 1144 1435; baseline -0.001 -35.961"><span class='ocrx_word' id='word_1_71' title='bbox 91 1356 236 1435; x_wconf 78' lang='grc' dir='ltr'><strong><em>10,τατος</em></strong></span> <span class='ocrx_word' id='word_1_72' title='bbox 277 1329 437 1416; x_wconf 77' lang='grc' dir='ltr'><strong><em>έπειτα,”</em></strong></span> <span class='ocrx_word' id='word_1_73' title='bbox 418 1357 469 1400; x_wconf 93' lang='grc' dir='ltr'><strong><em>οτι</em></strong></span> <span class='ocrx_word' id='word_1_74' title='bbox 488 1357 556 1400; x_wconf 93' lang='grc' dir='ltr'><strong><em>των</em></strong></span> <span class='ocrx_word' id='word_1_75' title='bbox 575 1329 688 1399; x_wconf 88' lang='grc' dir='ltr'><strong><em>ἀλλων</em></strong></span> <span class='ocrx_word' id='word_1_76' title='bbox 712 1329 850 1417; x_wconf 78' lang='grc' dir='ltr'><strong><em>φαύλως</em></strong></span> <span class='ocrx_word' id='word_1_77' title='bbox 869 1355 941 1411; x_wconf 89' lang='grc' dir='ltr'><strong><em>πως</em></strong></span> <span class='ocrx_word' id='word_1_78' title='bbox 957 1329 1050 1399; x_wconf 80' lang='grc' dir='ltr'><strong><em>καὶ’</em></strong></span> <span class='ocrx_word' id='word_1_79' title='bbox 1031 1355 1144 1418; x_wconf 88' lang='grc' dir='ltr'><strong><em>απερι-</em></strong></span> 
     </span>
     <span class='ocr_line' id='line_1_12' title="bbox 104 1393 1146 1525; baseline -0.001 -19.972"><span class='ocrx_word' id='word_1_80' title='bbox 104 1393 278 1518; x_wconf 80' lang='grc' dir='ltr'><strong><em>οσκέπτως</em></strong></span> <span class='ocrx_word' id='word_1_81' title='bbox 306 1465 350 1518; x_wconf 91' lang='grc' dir='ltr'><strong><em>ως</em></strong></span> <span class='ocrx_word' id='word_1_82' title='bbox 377 1439 430 1506; x_wconf 78' lang='grc' dir='ltr'><strong><em>ἐπὶ</em></strong></span> <span class='ocrx_word' id='word_1_83' title='bbox 455 1437 536 1525; x_wconf 84' lang='grc' dir='ltr'><strong><em>&lt;τὸ&gt;</em></strong></span> <span class='ocrx_word' id='word_1_84' title='bbox 558 1434 646 1505; x_wconf 83' lang='grc' dir='ltr'><strong><em>πολύ</em></strong></span> <span class='ocrx_word' id='word_1_85' title='bbox 672 1438 887 1524; x_wconf 82' lang='grc' dir='ltr'><strong><em>ποιουμένων</em></strong></span> <span class='ocrx_word' id='word_1_86' title='bbox 915 1435 974 1517; x_wconf 85' lang='grc' dir='ltr'><strong><em>τάς</em></strong></span> <span class='ocrx_word' id='word_1_87' title='bbox 1001 1439 1146 1525; x_wconf 73' lang='grc' dir='ltr'><strong><em>αἱρέσεις</em></strong></span> 
     </span>
     <span class='ocr_line' id='line_1_13' title="bbox 131 1541 1146 1632; baseline -0.002 -20"><span class='ocrx_word' id='word_1_88' title='bbox 131 1570 200 1612; x_wconf 91' lang='grc' dir='ltr'><strong><em>των</em></strong></span> <span class='ocrx_word' id='word_1_89' title='bbox 224 1545 495 1632; x_wconf 79' lang='grc' dir='ltr'><strong><em>ἐπιστησομένων</em></strong></span> <span class='ocrx_word' id='word_1_90' title='bbox 517 1557 588 1623; x_wconf 81' lang='grc' dir='ltr'><strong><em>τοῖς</em></strong></span> <span class='ocrx_word' id='word_1_91' title='bbox 607 1546 709 1632; x_wconf 81' lang='grc' dir='ltr'><strong><em>ἱεροῖς</em></strong></span> <span class='ocrx_word' id='word_1_92' title='bbox 731 1543 787 1610; x_wconf 89' lang='grc' dir='ltr'><strong><em>καὶ</em></strong></span> <span class='ocrx_word' id='word_1_93' title='bbox 807 1569 875 1612; x_wconf 91' lang='grc' dir='ltr'><strong><em>των</em></strong></span> <span class='ocrx_word' id='word_1_94' title='bbox 894 1542 956 1630; x_wconf 76' lang='grc' dir='ltr'><strong><em>μὲν</em></strong></span> <span class='ocrx_word' id='word_1_95' title='bbox 979 1541 1146 1631; x_wconf 89' lang='grc' dir='ltr'><strong><em>ἀργυρίου</em></strong></span> 
     </span>
     <span class='ocr_line' id='line_1_14' title="bbox 131 1647 1146 1740; baseline -0.001 -22"><span class='ocrx_word' id='word_1_96' title='bbox 131 1647 169 1718; x_wconf 85' lang='grc' dir='ltr'><strong><em>τὸ</em></strong></span> <span class='ocrx_word' id='word_1_97' title='bbox 201 1653 313 1737; x_wconf 88' lang='grc' dir='ltr'><strong><em>τίμιον</em></strong></span> <span class='ocrx_word' id='word_1_98' title='bbox 345 1648 532 1732; x_wconf 84' lang='grc' dir='ltr'><strong><em>ἀξιούντων</em></strong></span> <span class='ocrx_word' id='word_1_99' title='bbox 568 1648 826 1737; x_wconf 90' lang='grc' dir='ltr'><strong><em>ἀποκηρύττειν,</em></strong></span> <span class='ocrx_word' id='word_1_100' title='bbox 862 1653 931 1718; x_wconf 75' lang='grc' dir='ltr'><strong><em>τῶν</em></strong></span> <span class='ocrx_word' id='word_1_101' title='bbox 964 1649 1002 1718; x_wconf 73' lang='grc' dir='ltr'><strong><em>δὲ</em></strong></span> <span class='ocrx_word' id='word_1_102' title='bbox 1032 1649 1146 1740; x_wconf 78' lang='grc' dir='ltr'><strong><em>κλήρῳ</em></strong></span> 
     </span>
     <span class='ocr_line' id='line_1_15' title="bbox 133 1755 1147 1845; baseline -0.001 -22"><span class='ocrx_word' id='word_1_103' title='bbox 133 1755 375 1845; x_wconf 79' lang='grc' dir='ltr'><strong><em>διαιρούντων,</em></strong></span> <span class='ocrx_word' id='word_1_104' title='bbox 405 1758 531 1837; x_wconf 76' lang='grc' dir='ltr'><strong><em>ἐκεῖνος</em></strong></span> <span class='ocrx_word' id='word_1_105' title='bbox 554 1756 633 1826; x_wconf 86' lang='grc' dir='ltr'><strong><em>ούτε</em></strong></span> <span class='ocrx_word' id='word_1_106' title='bbox 655 1755 786 1844; x_wconf 79' lang='grc' dir='ltr'><strong><em>ὠνητάς</em></strong></span> <span class='ocrx_word' id='word_1_107' title='bbox 808 1756 987 1844; x_wconf 86' lang='grc' dir='ltr'><strong><em>χρημάτων</em></strong></span> <span class='ocrx_word' id='word_1_108' title='bbox 1010 1758 1147 1843; x_wconf 80' lang='grc' dir='ltr'><strong><em>ἐποίησε</em></strong></span> 
     </span>
     <span class='ocr_line' id='line_1_16' title="bbox 92 1860 1217 1954; baseline 0.002 -23"><span class='ocrx_word' id='word_1_109' title='bbox 92 1889 118 1932; x_wconf 79' lang='grc' dir='ltr'><strong><em>τε</em></strong></span> <span class='ocrx_word' id='word_1_110' title='bbox 131 1860 190 1942; x_wconf 82' lang='grc' dir='ltr'><strong><em>τὰς</em></strong></span> <span class='ocrx_word' id='word_1_111' title='bbox 213 1862 399 1950; x_wconf 88' lang='grc' dir='ltr'><strong><em>ἱερωσύνας</em></strong></span> <span class='ocrx_word' id='word_1_112' title='bbox 421 1862 498 1932; x_wconf 85' lang='grc' dir='ltr'><strong><em>ούτε</em></strong></span> <span class='ocrx_word' id='word_1_113' title='bbox 520 1864 633 1954; x_wconf 78' lang='grc' dir='ltr'><strong><em>κλήρῳ</em></strong></span> <span class='ocrx_word' id='word_1_114' title='bbox 657 1863 827 1952; x_wconf 87' lang='grc' dir='ltr'><strong><em>μεριστάς,</em></strong></span> <span class='ocrx_word' id='word_1_115' title='bbox 850 1861 924 1933; x_wconf 92' lang='grc' dir='ltr'><strong><em>ἀλλ’</em></strong></span> <span class='ocrx_word' id='word_1_116' title='bbox 946 1864 980 1945; x_wconf 79' lang='grc' dir='ltr'><strong><em>ἐξ</em></strong></span> <span class='ocrx_word' id='word_1_117' title='bbox 1004 1863 1217 1949; x_wconf 64' lang='grc' dir='ltr'><strong><em>ἕκάστηςετί)</em></strong></span> 
     </span>
     <span class='ocr_line' id='line_1_17' title="bbox 133 1966 1147 2058; baseline 0.004 -24"><span class='ocrx_word' id='word_1_118' title='bbox 133 1966 283 2056; x_wconf 90' lang='grc' dir='ltr'><strong><em>φράτρας</em></strong></span> <span class='ocrx_word' id='word_1_119' title='bbox 306 1970 553 2055; x_wconf 79' lang='grc' dir='ltr'><strong><em>ἐνομοθέτησεν</em></strong></span> <span class='ocrx_word' id='word_1_120' title='bbox 576 1966 844 2037; x_wconf 73' lang='grc' dir='ltr'><strong><em>ἀποδείκνυσθαι</em></strong></span> <span class='ocrx_word' id='word_1_121' title='bbox 868 1969 930 2039; x_wconf 73' lang='grc' dir='ltr'><strong><em>δύο</em></strong></span> <span class='ocrx_word' id='word_1_122' title='bbox 960 1967 1040 2050; x_wconf 86' lang='grc' dir='ltr'><strong><em>τούς</em></strong></span> <span class='ocrx_word' id='word_1_123' title='bbox 1062 1968 1147 2058; x_wconf 74' lang='grc' dir='ltr'><strong><em>ὑπὲρ</em></strong></span> 
     </span>
     <span class='ocr_line' id='line_1_18' title="bbox 132 2072 1148 2164; baseline 0.004 -23"><span class='ocrx_word' id='word_1_124' title='bbox 132 2074 340 2161; x_wconf 78' lang='grc' dir='ltr'><strong><em>πεντήκοντα</em></strong></span> <span class='ocrx_word' id='word_1_125' title='bbox 364 2079 419 2161; x_wconf 84' lang='grc' dir='ltr'><strong><em>έτη</em></strong></span> <span class='ocrx_word' id='word_1_126' title='bbox 449 2073 631 2160; x_wconf 90' lang='grc' dir='ltr'><strong><em>γεγονότας</em></strong></span> <span class='ocrx_word' id='word_1_127' title='bbox 657 2072 737 2154; x_wconf 85' lang='grc' dir='ltr'><strong><em>τούς</em></strong></span> <span class='ocrx_word' id='word_1_128' title='bbox 762 2076 854 2161; x_wconf 89' lang='grc' dir='ltr'><strong><em>γένει</em></strong></span> <span class='ocrx_word' id='word_1_129' title='bbox 879 2101 915 2143; x_wconf 89' lang='grc' dir='ltr'><strong><em>τε</em></strong></span> <span class='ocrx_word' id='word_1_130' title='bbox 937 2075 1148 2164; x_wconf 77' lang='grc' dir='ltr'><strong><em>προῦχοντας</em></strong></span> 
     </span>
     <span class='ocr_line' id='line_1_19' title="bbox 132 2179 1147 2275; baseline 0.002 -26"><span class='ocrx_word' id='word_1_131' title='bbox 132 2184 201 2250; x_wconf 76' lang='grc' dir='ltr'><strong><em>τῶν</em></strong></span> <span class='ocrx_word' id='word_1_132' title='bbox 228 2179 342 2249; x_wconf 88' lang='grc' dir='ltr'><strong><em>ἀλλων</em></strong></span> <span class='ocrx_word' id='word_1_133' title='bbox 364 2181 421 2249; x_wconf 89' lang='grc' dir='ltr'><strong><em>καὶ</em></strong></span> <span class='ocrx_word' id='word_1_134' title='bbox 448 2179 548 2268; x_wconf 75' lang='grc' dir='ltr'><strong><em>ἀρετῇ</em></strong></span> <span class='ocrx_word' id='word_1_135' title='bbox 567 2180 761 2275; x_wconf 71' lang='grc' dir='ltr'><strong><em>διαφόρους</em></strong></span> <span class='ocrx_word' id='word_1_136' title='bbox 780 2184 836 2251; x_wconf 78' lang='grc' dir='ltr'><strong><em>καλ</em></strong></span> <span class='ocrx_word' id='word_1_137' title='bbox 854 2183 1033 2273; x_wconf 88' lang='grc' dir='ltr'><strong><em>χρημάτων</em></strong></span> <span class='ocrx_word' id='word_1_138' title='bbox 1056 2207 1147 2270; x_wconf 85' lang='grc' dir='ltr'><strong><em>περι-</em></strong></span> 
     </span>
     <span class='ocr_line' id='line_1_20' title="bbox 134 2285 1149 2376; baseline 0.002 -21"><span class='ocrx_word' id='word_1_139' title='bbox 134 2291 255 2356; x_wconf 81' lang='grc' dir='ltr'><strong><em>ουσίαν</em></strong></span> <span class='ocrx_word' id='word_1_140' title='bbox 289 2292 426 2375; x_wconf 78' lang='grc' dir='ltr'><strong><em>έχοντας</em></strong></span> <span class='ocrx_word' id='word_1_141' title='bbox 457 2285 628 2375; x_wconf 83' lang='grc' dir='ltr'><strong><em>ἀρκοῦσαν</em></strong></span> <span class='ocrx_word' id='word_1_142' title='bbox 664 2288 721 2354; x_wconf 85' lang='grc' dir='ltr'><strong><em>καὶ</em></strong></span> <span class='ocrx_word' id='word_1_143' title='bbox 755 2287 861 2375; x_wconf 75' lang='grc' dir='ltr'><strong><em>μηδὲν</em></strong></span> <span class='ocrx_word' id='word_1_144' title='bbox 893 2287 1149 2376; x_wconf 81' lang='grc' dir='ltr'><strong><em>ἠλαττωμένους</em></strong></span> 
     </span>
     <span class='ocr_line' id='line_1_21' title="bbox 93 2391 1148 2482; baseline -0.001 -18"><span class='ocrx_word' id='word_1_145' title='bbox 93 2425 120 2465; x_wconf 77' lang='grc' dir='ltr'><strong><em>το</em></strong></span> <span class='ocrx_word' id='word_1_146' title='bbox 133 2397 202 2464; x_wconf 78' lang='grc' dir='ltr'><strong><em>τάν</em></strong></span> <span class='ocrx_word' id='word_1_147' title='bbox 219 2395 297 2480; x_wconf 81' lang='grc' dir='ltr'><strong><em>περὶ</em></strong></span> <span class='ocrx_word' id='word_1_148' title='bbox 313 2391 351 2462; x_wconf 87' lang='grc' dir='ltr'><strong><em>τὸ</em></strong></span> <span class='ocrx_word' id='word_1_149' title='bbox 371 2396 480 2480; x_wconf 79' lang='grc' dir='ltr'><strong><em>σῶμα·</em></strong></span> <span class='ocrx_word' id='word_1_150' title='bbox 501 2393 643 2473; x_wconf 87' lang='grc' dir='ltr'><strong><em>τούτους</em></strong></span> <span class='ocrx_word' id='word_1_151' title='bbox 662 2393 700 2461; x_wconf 74' lang='grc' dir='ltr'><strong><em>δὲ</em></strong></span> <span class='ocrx_word' id='word_1_152' title='bbox 719 2391 780 2462; x_wconf 90' lang='grc' dir='ltr'><strong><em>ούκ</em></strong></span> <span class='ocrx_word' id='word_1_153' title='bbox 798 2399 846 2474; x_wconf 87' lang='grc' dir='ltr'><strong><em>είς</em></strong></span> <span class='ocrx_word' id='word_1_154' title='bbox 864 2392 1053 2482; x_wconf 82' lang='grc' dir='ltr'><strong><em>ὡρισμένου</em></strong></span> <span class='ocrx_word' id='word_1_155' title='bbox 1071 2393 1148 2464; x_wconf 84' lang='grc' dir='ltr'><strong><em>τινά</em></strong></span> 
     </span>
     <span class='ocr_line' id='line_1_22' title="bbox 133 2498 1149 2590; baseline 0.001 -19"><span class='ocrx_word' id='word_1_156' title='bbox 133 2501 260 2590; x_wconf 92' lang='grc' dir='ltr'><strong><em>χρόνον</em></strong></span> <span class='ocrx_word' id='word_1_157' title='bbox 283 2498 342 2580; x_wconf 87' lang='grc' dir='ltr'><strong><em>τάς</em></strong></span> <span class='ocrx_word' id='word_1_158' title='bbox 363 2499 460 2588; x_wconf 84' lang='grc' dir='ltr'><strong><em>τιμάς</em></strong></span> <span class='ocrx_word' id='word_1_159' title='bbox 484 2503 597 2582; x_wconf 76' lang='grc' dir='ltr'><strong><em>ἔταξεν</em></strong></span> <span class='ocrx_word' id='word_1_160' title='bbox 622 2506 727 2588; x_wconf 79' lang='grc' dir='ltr'><strong><em>ἔχειν,</em></strong></span> <span class='ocrx_word' id='word_1_161' title='bbox 752 2498 836 2569; x_wconf 85' lang='grc' dir='ltr'><strong><em>ἀλλὰ</em></strong></span> <span class='ocrx_word' id='word_1_162' title='bbox 860 2499 917 2569; x_wconf 76' lang='grc' dir='ltr'><strong><em>διὰ</em></strong></span> <span class='ocrx_word' id='word_1_163' title='bbox 939 2502 1064 2583; x_wconf 86' lang='grc' dir='ltr'><strong><em>παντὸς</em></strong></span> <span class='ocrx_word' id='word_1_164' title='bbox 1087 2507 1149 2572; x_wconf 86' lang='grc' dir='ltr'><strong><em>τού</em></strong></span> 
     </span>
     <span class='ocr_line' id='line_1_23' title="bbox 132 2604 1148 2696; baseline 0.001 -20"><span class='ocrx_word' id='word_1_165' title='bbox 132 2614 212 2695; x_wconf 85' lang='grc' dir='ltr'><strong><em>βίον</em></strong></span> <span class='ocrx_word' id='word_1_166' title='bbox 235 2612 418 2696; x_wconf 78' lang='grc' dir='ltr'><strong><em>στρατειῶν</em></strong></span> <span class='ocrx_word' id='word_1_167' title='bbox 446 2607 508 2695; x_wconf 72' lang='grc' dir='ltr'><strong><em>μὲν</em></strong></span> <span class='ocrx_word' id='word_1_168' title='bbox 535 2606 806 2694; x_wconf 86' lang='grc' dir='ltr'><strong><em>ἀπολελυμένους</em></strong></span> <span class='ocrx_word' id='word_1_169' title='bbox 833 2604 890 2675; x_wconf 71' lang='grc' dir='ltr'><strong><em>διὰ</em></strong></span> <span class='ocrx_word' id='word_1_170' title='bbox 916 2606 979 2696; x_wconf 80' lang='grc' dir='ltr'><strong><em>τὴν</em></strong></span> <span class='ocrx_word' id='word_1_171' title='bbox 1002 2607 1148 2696; x_wconf 81' lang='grc' dir='ltr'><strong><em>ἡλικίαν,</em></strong></span> 
     </span>
     <span class='ocr_line' id='line_1_24' title="bbox 133 2711 1063 2804; baseline 0.002 -22"><span class='ocrx_word' id='word_1_172' title='bbox 133 2720 202 2783; x_wconf 80' lang='grc' dir='ltr'><strong><em>τῶν</em></strong></span> <span class='ocrx_word' id='word_1_173' title='bbox 227 2714 264 2782; x_wconf 75' lang='grc' dir='ltr'><strong><em>δὲ</em></strong></span> <span class='ocrx_word' id='word_1_174' title='bbox 286 2713 369 2782; x_wconf 84' lang='grc' dir='ltr'><strong><em>κατὰ</em></strong></span> <span class='ocrx_word' id='word_1_175' title='bbox 392 2713 454 2802; x_wconf 82' lang='grc' dir='ltr'><strong><em>τὴν</em></strong></span> <span class='ocrx_word' id='word_1_176' title='bbox 476 2714 578 2784; x_wconf 87' lang='grc' dir='ltr'><strong><em>πόλιν</em></strong></span> <span class='ocrx_word' id='word_1_177' title='bbox 601 2713 755 2804; x_wconf 76' lang='grc' dir='ltr'><strong><em>ὀχληρῶν</em></strong></span> <span class='ocrx_word' id='word_1_178' title='bbox 780 2712 837 2782; x_wconf 76' lang='grc' dir='ltr'><strong><em>διὰ</em></strong></span> <span class='ocrx_word' id='word_1_179' title='bbox 860 2711 921 2783; x_wconf 84' lang='grc' dir='ltr'><strong><em>τὸν</em></strong></span> <span class='ocrx_word' id='word_1_180' title='bbox 944 2714 1063 2803; x_wconf 88' lang='grc' dir='ltr'><strong><em>νόμον.</em></strong></span> 
     </span>
    </p>
   </div>
   <div class='ocr_carea' id='block_1_3' title="bbox 91 1304 112 1370">
    <p class='ocr_par' dir='ltr' id='par_1_3' title="bbox 91 1304 112 1370">
     <span class='ocr_line' id='line_1_25' title="bbox 91 1304 112 1370; baseline 0 0"><span class='ocrx_word' id='word_1_181' title='bbox 91 1304 112 1370; x_wconf 84' lang='grc'><strong>3</strong></span> 
     </span>
    </p>
   </div>
   <div class='ocr_carea' id='block_1_4' title="bbox 96 2975 1200 3549">
    <p class='ocr_par' dir='ltr' id='par_1_4' title="bbox 96 2975 1200 3549">
     <span class='ocr_line' id='line_1_26' title="bbox 96 2975 1148 3066; baseline 0.005 -34"><span class='ocrx_word' id='word_1_182' title='bbox 96 3014 98 3019; x_wconf 91' lang='grc'>-</span> <span class='ocrx_word' id='word_1_183' title='bbox 207 2975 350 3049; x_wconf 82' lang='grc' dir='ltr'><strong><em>Ισύμασι</em></strong></span> <span class='ocrx_word' id='word_1_184' title='bbox 367 2975 545 3066; x_wconf 78' lang='grc' dir='ltr'><strong><em>θεραπεύειν</em></strong></span> <span class='ocrx_word' id='word_1_185' title='bbox 563 2975 735 3036; x_wconf 77' lang='grc' dir='ltr'><strong><em>ἀπέδωκεΒ</em></strong></span> <span class='ocrx_word' id='word_1_186' title='bbox 790 2988 850 3037; x_wconf 84' lang='grc' dir='ltr'><strong><em>3τε</em></strong></span> <span class='ocrx_word' id='word_1_187' title='bbox 870 2982 960 3038; x_wconf 90' lang='lat' dir='ltr'><strong><em>Bom</em></strong></span> <span class='ocrx_word' id='word_1_188' title='bbox 971 2984 996 3036; x_wconf 85' lang='lat' dir='ltr'>R</span> <span class='ocrx_word' id='word_1_189' title='bbox 1012 2982 1016 3053; x_wconf 69' lang='grc' dir='ltr'><strong><em>ἱ</em></strong></span> <span class='ocrx_word' id='word_1_190' title='bbox 1032 2982 1148 3037; x_wconf 76' lang='grc' dir='ltr'><strong><em>θεύνΒ</em></strong></span> 
     </span>
     <span class='ocr_line' id='line_1_27' title="bbox 134 3047 1200 3141; baseline 0.002 -35"><span class='ocrx_word' id='word_1_191' title='bbox 134 3051 190 3106; x_wconf 83' lang='grc' dir='ltr'><strong><em>τῶν</em></strong></span> <span class='ocrx_word' id='word_1_192' title='bbox 207 3050 287 3105; x_wconf 74' lang='grc' dir='ltr'><strong><em>θεῶν</em></strong></span> <span class='ocrx_word' id='word_1_193' title='bbox 305 3051 331 3105; x_wconf 83' lang='grc' dir='ltr'>Β</span> <span class='ocrx_word' id='word_1_194' title='bbox 402 3047 607 3141; x_wconf 68' lang='grc' dir='ltr'><strong><em>ὅγενικάςο.</em></strong></span> <span class='ocrx_word' id='word_1_195' title='bbox 612 3052 751 3108; x_wconf 76' lang='lat' dir='ltr'>Bflcheler</span> <span class='ocrx_word' id='word_1_196' title='bbox 767 3054 770 3120; x_wconf 94' lang='grc' dir='ltr'>Ι</span> <span class='ocrx_word' id='word_1_197' title='bbox 786 3047 899 3140; x_wconf 76' lang='grc' dir='ltr'><strong><em>περὶ]</em></strong></span> <span class='ocrx_word' id='word_1_198' title='bbox 883 3073 925 3108; x_wconf 90' lang='grc' dir='ltr'><strong><em>υπ</em></strong></span> <span class='ocrx_word' id='word_1_199' title='bbox 927 3051 999 3139; x_wconf 77' lang='grc' dir='ltr'><strong><em>ὲρο.</em></strong></span> <span class='ocrx_word' id='word_1_200' title='bbox 1018 3053 1148 3108; x_wconf 78' lang='lat' dir='ltr'>Hertlein</span> <span class='ocrx_word' id='word_1_201' title='bbox 1194 3106 1200 3121; x_wconf 80' lang='grc'>,</span> 
     </span>
     <span class='ocr_line' id='line_1_28' title="bbox 135 3119 1148 3212; baseline 0.002 -36"><span class='ocrx_word' id='word_1_202' title='bbox 135 3123 251 3177; x_wconf 80' lang='lat' dir='ltr'>Hermes</span> <span class='ocrx_word' id='word_1_203' title='bbox 274 3121 354 3190; x_wconf 87' lang='lat' dir='ltr'><strong><em>Xp.</em></strong></span> <span class='ocrx_word' id='word_1_204' title='bbox 378 3127 431 3176; x_wconf 88' lang='grc'><strong><em>409</em></strong></span> <span class='ocrx_word' id='word_1_205' title='bbox 513 3129 529 3178; x_wconf 89' lang='grc'>8</span> <span class='ocrx_word' id='word_1_206' title='bbox 553 3119 665 3191; x_wconf 86' lang='grc' dir='ltr'><strong><em>ούάρων</em></strong></span> <span class='ocrx_word' id='word_1_207' title='bbox 686 3123 709 3178; x_wconf 93' lang='grc' dir='ltr'>Ο</span> <span class='ocrx_word' id='word_1_208' title='bbox 792 3130 807 3178; x_wconf 90' lang='grc'>9</span> <span class='ocrx_word' id='word_1_209' title='bbox 830 3144 883 3192; x_wconf 89' lang='grc' dir='ltr'><strong><em>την</em></strong></span> <span class='ocrx_word' id='word_1_210' title='bbox 906 3119 996 3179; x_wconf 84' lang='grc' dir='ltr'><strong><em>αύτού</em></strong></span> <span class='ocrx_word' id='word_1_211' title='bbox 1026 3123 1148 3212; x_wconf 60' lang='lat' dir='ltr'><strong>Sylbqrg</strong></span> 
     </span>
     <span class='ocr_line' id='line_1_29' title="bbox 137 3187 1147 3280; baseline 0.002 -32"><span class='ocrx_word' id='word_1_212' title='bbox 137 3200 170 3249; x_wconf 90' lang='lat'><strong><em>10</em></strong></span> <span class='ocrx_word' id='word_1_213' title='bbox 189 3187 234 3248; x_wconf 79' lang='grc' dir='ltr'><strong><em>ὅτι</em></strong></span> <span class='ocrx_word' id='word_1_214' title='bbox 251 3210 305 3247; x_wconf 89' lang='lat' dir='ltr'><strong><em>om.</em></strong></span> <span class='ocrx_word' id='word_1_215' title='bbox 320 3192 343 3246; x_wconf 93' lang='grc' dir='ltr'>Β</span> <span class='ocrx_word' id='word_1_216' title='bbox 405 3188 484 3247; x_wconf 86' lang='grc' dir='ltr'><strong><em>11τό</em></strong></span> <span class='ocrx_word' id='word_1_217' title='bbox 501 3193 564 3247; x_wconf 81' lang='lat' dir='ltr'><strong>add.</strong></span> <span class='ocrx_word' id='word_1_218' title='bbox 576 3193 721 3280; x_wconf 76' lang='lat' dir='ltr'><strong>Kiessling</strong></span> <span class='ocrx_word' id='word_1_219' title='bbox 733 3195 777 3249; x_wconf 89' lang='lat' dir='ltr'><strong><em>Pr.</em></strong></span> <span class='ocrx_word' id='word_1_220' title='bbox 788 3194 851 3248; x_wconf 74' lang='lat' dir='ltr'><strong>Bas.</strong></span> <span class='ocrx_word' id='word_1_221' title='bbox 865 3201 920 3265; x_wconf 67' lang='grc' dir='ltr'><strong><em>μθ</em></strong></span> <span class='ocrx_word' id='word_1_222' title='bbox 986 3197 1068 3262; x_wconf 83' lang='grc' dir='ltr'><strong><em>13ξ</em></strong></span> <span class='ocrx_word' id='word_1_223' title='bbox 1033 3197 1068 3262; x_wconf 83' lang='grc' dir='ltr'><strong><em>αξ</em></strong></span> <span class='ocrx_word' id='word_1_224' title='bbox 1071 3216 1147 3250; x_wconf 86' lang='grc' dir='ltr'><strong><em>ιουν-</em></strong></span> 
     </span>
     <span class='ocr_line' id='line_1_30' title="bbox 135 3259 1146 3336; baseline 0.001 -17"><span class='ocrx_word' id='word_1_225' title='bbox 135 3284 191 3319; x_wconf 88' lang='grc' dir='ltr'><strong><em>των</em></strong></span> <span class='ocrx_word' id='word_1_226' title='bbox 214 3259 422 3334; x_wconf 87' lang='grc' dir='ltr'><strong><em>ἀποκηρύττειν</em></strong></span> <span class='ocrx_word' id='word_1_227' title='bbox 444 3259 513 3317; x_wconf 87' lang='grc' dir='ltr'><strong><em>Β’</em></strong></span> <span class='ocrx_word' id='word_1_228' title='bbox 495 3283 542 3317; x_wconf 93' lang='grc' dir='ltr'><strong><em>απ.</em></strong></span> <span class='ocrx_word' id='word_1_229' title='bbox 567 3259 610 3330; x_wconf 85' lang='grc' dir='ltr'><strong><em>ἀξ.</em></strong></span> <span class='ocrx_word' id='word_1_230' title='bbox 629 3266 655 3319; x_wconf 82' lang='grc' dir='ltr'><strong><em>Β,</em></strong></span> <span class='ocrx_word' id='word_1_231' title='bbox 731 3271 765 3320; x_wconf 80' lang='grc'><strong><em>15</em></strong></span> <span class='ocrx_word' id='word_1_232' title='bbox 789 3261 856 3328; x_wconf 86' lang='grc' dir='ltr'><strong><em>τούς</em></strong></span> <span class='ocrx_word' id='word_1_233' title='bbox 880 3263 965 3336; x_wconf 85' lang='grc' dir='ltr'><strong><em>ἱερεῖς</em></strong></span> <span class='ocrx_word' id='word_1_234' title='bbox 986 3269 1052 3336; x_wconf 75' lang='lat' dir='ltr'><strong>post</strong></span> <span class='ocrx_word' id='word_1_235' title='bbox 1075 3268 1146 3321; x_wconf 75' lang='grc' dir='ltr'><strong><em>διαι-</em></strong></span> 
     </span>
     <span class='ocr_line' id='line_1_31' title="bbox 135 3331 1147 3423; baseline 0.002 -32.035"><span class='ocrx_word' id='word_1_236' title='bbox 135 3332 261 3405; x_wconf 90' lang='grc' dir='ltr'><strong><em>ρούντων</em></strong></span> <span class='ocrx_word' id='word_1_237' title='bbox 276 3335 299 3390; x_wconf 92' lang='grc'><strong>0</strong></span> <span class='ocrx_word' id='word_1_238' title='bbox 313 3336 471 3421; x_wconf 75' lang='grc' dir='ltr'><strong><em>μισολεεΒ,</em></strong></span> <span class='ocrx_word' id='word_1_239' title='bbox 489 3355 523 3388; x_wconf 88' lang='grc' dir='ltr'><strong><em>τοι</em></strong></span> <span class='ocrx_word' id='word_1_240' title='bbox 513 3331 639 3421; x_wconf 82' lang='grc' dir='ltr'><strong><em>ἱεράο.</em></strong></span> <span class='ocrx_word' id='word_1_241' title='bbox 651 3336 807 3391; x_wconf 80' lang='lat' dir='ltr'><strong>Ambrosch</strong></span> <span class='ocrx_word' id='word_1_242' title='bbox 823 3339 827 3403; x_wconf 91' lang='grc' dir='ltr'>Ι</span> <span class='ocrx_word' id='word_1_243' title='bbox 843 3357 931 3407; x_wconf 88' lang='grc' dir='ltr'><strong><em>καιρω</em></strong></span> <span class='ocrx_word' id='word_1_244' title='bbox 919 3337 972 3391; x_wconf 88' lang='grc' dir='ltr'><strong>Α</strong></span> <span class='ocrx_word' id='word_1_245' title='bbox 1027 3345 1061 3393; x_wconf 88' lang='grc'><strong><em>16</em></strong></span> <span class='ocrx_word' id='word_1_246' title='bbox 1076 3335 1147 3423; x_wconf 89' lang='grc' dir='ltr'><strong><em>φρά-</em></strong></span> 
     </span>
     <span class='ocr_line' id='line_1_32' title="bbox 134 3356 1148 3549; baseline 0.001 -17"><span class='ocrx_word' id='word_1_247' title='bbox 134 3356 468 3546; x_wconf 52' lang='grc' dir='ltr'><strong><em>ΞάἀὲεύπέέχῖείνξεΒᾶέάειῗ</em></strong></span> <span class='ocrx_word' id='word_1_248' title='bbox 487 3402 723 3540; x_wconf 53' lang='grc' dir='ltr'><strong><em>οωάύτάούῖἱᾱθι</em></strong></span> <span class='ocrx_word' id='word_1_249' title='bbox 737 3403 1049 3549; x_wconf 52' lang='grc' dir='ltr'><strong><em>ξάθάἀύάῃῖόμωῗέάς</em></strong></span> <span class='ocrx_word' id='word_1_250' title='bbox 1066 3428 1148 3479; x_wconf 53' lang='grc' dir='ltr'><strong><em>ημᾶς</em></strong></span> 
     </span>
    </p>
   </div>
   <div class='ocr_carea' id='block_1_5' title="bbox 0 0 1239 3916">
    <p class='ocr_par' dir='ltr' id='par_1_5' title="bbox 0 0 1239 3916">
     <span class='ocr_line' id='line_1_33' title="bbox 0 0 1239 3916; baseline 0 0"><span class='ocrx_word' id='word_1_251' title='bbox 0 0 1239 3916; x_wconf 95' lang='lat' dir='ltr'><strong><em> </em></strong></span> 
     </span>
    </p>
   </div>
  </div>
 </body>
</html>
