2454 3916
150 235 216 303 372
573 234 739 286 -Γ-

238 395 326 463 LIII.
357 400 436 473 Ταῑς
459 390 491 461 δ’
518 393 592 479 ἑξῆς
614 389 752 479 ἡμέραις
774 389 982 479 ἀφικομένης
1003 404 1076 471 τοῖς
1099 396 1167 457 Λα-

150 507 256 581 τίνοις
288 501 400 586 ἑτέρας
436 496 525 583 παρὰ
562 502 749 587 Τυρρηνῶν
786 503 974 585 συμμαχίας
1011 496 1168 586 δεύτερος

151 605 245 693 ἀγῦν
269 611 397 693 γίνεται
415 603 502 673 πολῦ
526 610 646 693 μείζων
669 609 731 673 τοῦ
749 606 926 692 προτέρου,
949 605 982 684 ἐξ
1007 595 1048 672 οῦ
1067 609 1168 690 νίκην

151 711 339 801 ἀναιρεῖται
379 711 537 798 βασιλεῦς
577 711 764 800 Ταρκύνιος
805 710 1092 799 ἐπιφανεστάτην,
1128 702 1169 797 ἧς

124 816 256 899 εαῦτὸς
292 825 396 898 αἴτιος
437 817 640 906 ὡμολογεῖτο
677 816 743 886 ὑπὸ
779 817 918 888 πάντων
952 821 1169 905 γεγενῆσθαι.

113 925 346 1013 2καμνοῦσης
386 923 452 1013 γὰρ
491 923 557 1012 ἤδη
598 929 658 1012 τῆς
683 922 867 1012 Ῥωμαικῆς
902 924 1079 1013 φάλαγγος
1113 925 1169 992 καὶ

151 1032 235 1101 κατὰ
258 1034 295 1100 τὸ
321 1028 500 1120 ἀριστερὸν
520 1033 619 1119 κέρας
637 1034 963 1121 παραρρηγνυμένης
984 1030 1108 1119 μαθὼν
1131 1030 1169 1100 τδ

152 1137 336 1225 γινόμενον
364 1136 534 1224 ἐλάττωμα
561 1139 638 1224 περὶ
669 1136 748 1218 τοῦς
779 1138 963 1225 σφετέρους
990 1139 1102 1226 (ἔτυχε
1133 1139 1171 1206 δὲ

153 1243 227 1315 τότε
255 1243 443 1332 μαχόμενος
471 1245 524 1312 ἐπὶ
556 1248 617 1312 τοῦ
651 1247 764 1326 δεξιοῦ
790 1246 942 1336 κέρατος)
970 1244 1029 1325 τὰς
1055 1251 1167 1334 κρατί-
1171 1264 1217 1316 554

114 1379 140 1422 ιο
155 1371 233 1432 στας
255 1355 324 1420 νῦν
349 1353 476 1420 ἱππέων
496 1359 569 1431 λλας
588 1352 787 1439 ἐπιστρέψας
803 1352 859 1420 καὶ
876 1356 946 1421 τῶν
965 1356 1075 1435 πεζῶν
1093 1352 1172 1434 τοὺς

152 1456 397 1546 ἀκμαιοτάτους
419 1451 649 1544 ἀναλαβὼν
627 1484 690 1545 ηγε
716 1455 800 1525 κατὰ
827 1445 939 1526 νῦτου
965 1463 1025 1546 τῆς
1049 1460 1172 1528 ἑαυτοῦ

155 1568 312 1652 στρατιᾶς
332 1565 389 1632 καλ
411 1561 679 1652 παραλλάξας
645 1590 684 1632 το
703 1562 881 1653 ἀριστερὸν
899 1566 1000 1653 κέρας
1021 1564 1172 1653 ἤλαυνεν

156 1677 204 1741 ἔτι
226 1673 428 1759 προσωτέρω
451 1676 511 1759 τῆς
534 1671 715 1758 φάλαγγος.
760 1676 873 1740 ἔπειτα
896 1675 1097 1762 ἐπιστρέψας
1120 1674 1173 1742 ἐπὶ

156 1778 241 1864 δόρυ
264 1779 320 1846 καὶ
347 1775 388 1846 τά
414 1779 536 1864 κέντρα
566 1776 771 1866 προσβαλὼν
793 1791 864 1858 τοῖς
886 1782 999 1859 ἵπποις
1021 1784 1070 1859 εἰς
1091 1788 1173 1848 πλα-

116 1915 142 1958 ιι
156 1891 251 1972 γίους
278 1883 433 1971 ἐμβάλλει
465 1881 547 1963 τοῦς
580 1887 648 1952 τῶν
684 1888 871 1973 Τυρρηνῶν
903 1883 1025 1972 λόχους
1064 1877 1173 1972 (οῦτοι

32 2005 46 2019 “
156 1990 222 2079 γὰρ
244 1990 298 2059 ἐπὶ
321 1994 382 2059 τοῦ
407 1992 519 2071 δεξιοῦ
544 1994 613 2060 τῦν
635 1996 806 2079 πολεμίων
829 1990 1014 2080 μαχόμενοι
1035 1993 1175 2080 κέρατος

157 2099 337 2184 ἐτρέψαντο
368 2093 447 2175 τοῦς
472 2094 554 2164 καθ’
587 2097 758 2187 ἑαυτούς),
790 2098 963 2185 ἐπιφανεὶς
995 2095 1028 2168 δ’
1060 2098 1174 2180 αὐτοῖς

158 2203 411 2291 ἀπροσδόκητος
446 2201 576 2290 πολλὴν
618 2205 775 2290 ἔκπληξιν
815 2206 872 2273 καὶ
907 2204 1057 2293 ταραχὴν
1093 2232 1174 2294 παρ

119 2316 140 2381 3
159 2314 264 2399 έσχεν.
306 2311 343 2378 ἐν
367 2308 405 2377 δὲ
427 2307 537 2401 τοάτφ
560 2311 618 2378 καλ
640 2308 662 2397 ἡ
684 2309 766 2398 πεζὴ
788 2316 857 2381 τῶν
874 2310 1049 2400 Ῥωμαίων
1074 2314 1174 2383 δῦνω

119 2447 146 2490 ιο
159 2445 214 2506 μις
236 2415 455 2502 ἀναλαβοῦσα
480 2414 603 2502 ἑαυτὴν
626 2419 663 2485 ἐκ
684 2421 747 2486 τοῦ
764 2418 930 2508 προτέρου
949 2423 1105 2507 δείματος
1129 2427 1175 2502 εἰς

157 2524 322 2594 ἀντίπαλα
354 2522 486 2609 ἐχώρει,
516 2523 573 2590 καὶ
605 2522 687 2611 μετὰ
721 2528 822 2594 τοῦτο
855 2524 963 2613 φόνος
998 2552 1034 2595 τε
1071 2528 1176 2610 πολῦς

158 2635 227 2700 τῶν
254 2632 440 2718 Τνρρηνῦν
464 2630 594 2715 ἐγένετο
611 2631 670 2698 καλ
690 2630 796 2718 τροπὴ
818 2635 882 2701 τοῦ
902 2634 1015 2714 δεξιοῦ
1038 2634 1176 2723 κέρατος

159 2735 331 2822 παντελής.
390 2734 579 2822 Ταρκύνιος
610 2736 647 2805 δδ
683 2751 754 2818 τοῖς
788 2735 929 2825 ἡγεμόσι
964 2744 1034 2808 των
1069 2746 1175 2824 πεξῦν

160 2843 364 2919 ἀκολουθεῖν
391 2842 549 2923 κελεύσας
577 2845 614 2912 ἐν
641 2843 756 2935 κόσμφ
782 2846 838 2913 καὶ
864 2845 976 2932 βάδην
1000 2844 1102 2929 αάτὸς
1125 2850 1176 2918 ἐπὶ

120 2976 147 3020 ω
160 2949 198 3019 τὸ
232 2947 458 3035 στρατόπεδον
492 2948 608 3037 ἐχάρει
640 2948 679 3019 τὸ
703 2955 784 3020 ’νῦν
820 2957 991 3040 πολεμίων
1020 2955 1175 3025 ἐλαύνων

159 3055 240 3136 τοῦς
271 3059 393 3136 ἵππους
428 3053 494 3124 ἀνὰ
526 3056 663 3144 κράτος,
695 3058 833 3144 φθάσας
865 3059 904 3128 δὲ
938 3057 1019 3140 τοῦς
1051 3064 1088 3130 ἐκ
1120 3067 1177 3150 τῆς

162 3187 288 3253 τροπης
310 3161 589 3250 ἀνασωζομένους
611 3164 772 3253 ἐγκρατὴς
797 3171 927 3252 γίνεται·
946 3171 1009 3236 τοῦ
1032 3167 1177 3258 χάρακος

237 3312 294 3359 1τ
279 3305 312 3377 τῇ
341 3300 370 3359 δ’
401 3300 507 3374 ἑξῆς
493 3303 586 3379 ημέρμ
614 3323 636 3361 ο
665 3305 766 3362 Portus
849 3313 865 3363 8
893 3305 1045 3380 γινόμενον
1073 3327 1129 3366 om.
1152 3314 1176 3366 A

165 3384 236 3432 13τ
220 3372 273 3464 τὴν
301 3371 435 3465 φάλαγγα
457 3377 483 3431 Α
565 3382 598 3432 14
621 3377 659 3448 τῷ
689 3379 764 3452 ἵππῳ
789 3395 812 3434 0.
835 3379 957 3436 Reudler
981 3381 1073 3438 Τίτου.
1096 3401 1125 3455 p
1144 3389 1175 3438 31

165 3454 199 3504 18
218 3443 477 3516 ἀπροσδοκήτωςΔ
560 3455 594 3503 22
624 3431 732 3517 ἐγίνετο
747 3432 777 3503 Β
811 3445 924 3520 ἐγένετο
947 3452 972 3506 R
1049 3460 1084 3509 26
1113 3451 1177 3517 τοῦς

165 3521 269 3582 ἵππους
289 3519 344 3574 del.
363 3519 451 3574 Cobet
470 3519 535 3576 obs
554 3536 582 3590 p
602 3525 636 3574 17

84 3634 202 3684 ,Α
