2454 3916
493 236 663 286 ..Γ-

162 394 315 460 XXVIII.
336 390 480 480 ’Ἇνδρες
496 389 656 480 Ῥωμαῖοί
675 393 785 461 τεκαὶ
803 390 900 460 άλλοι
919 397 1013 479 φίλοι
1031 391 1086 459 καὶ

73 499 253 586 σύμμαχοι,
277 496 355 579 τούς
378 498 439 587 μὲν
463 500 499 566 ἐκ
527 502 588 567 τοῦ
611 501 763 587 φανεροῦ
785 496 1016 585 τολμήσαντας
1038 502 1087 578 είς

72 604 222 692 πόλεμον
244 601 326 691 ἡμῖν
349 609 552 692 καταστῆναι
578 608 786 692 Φιδηναίους
813 604 870 672 καί
897 601 978 684 τοὺς
1005 622 1087 692 συμ

73 710 201 799 μάχους
229 709 341 780 αὐτῶν
370 710 649 800 ἐτιμωρησάμεθα
676 709 741 780 σὺν
767 720 878 796 θεοῖς,
904 710 960 778 καὶ
991 715 1086 779 δυεῖν

72 817 221 906 θάτερον
244 814 266 905 ή
294 817 481 887 παύσονται
509 817 547 886 τὸ
570 815 691 886 λοιπὸν
721 819 939 904 ἐνοχλοῦντες
960 814 1042 905 ἡμῖν
1064 813 1113 905 ήῠ

73 927 170 1005 δίκας
200 928 354 993 τίσουσιν
383 929 432 993 ἔτι
462 924 593 993 τούτων
625 928 788 1013 χείρονας.
837 920 972 992 άπαιτεῖ
1002 923 1040 992 δέ
1067 922 1127 993 ὁ2

72 1029 200 1119 καιρός,
223 1031 294 1099 ἐπεὶ
315 1029 357 1099 τά
378 1034 492 1119 πρῶτα
515 1028 598 1118 ἡμῖν
616 1028 688 1099 κατ’
709 1027 812 1120 εὐχήν
830 1030 1009 1119 κεχώρηκε,
1031 1031 1087 1098 καλ

72 1134 153 1217 τοὺς
188 1135 311 1217 άλλους
346 1135 603 1224 τιμωρήσασθαι
639 1143 835 1225 πολεμίους,
867 1135 944 1207 ὅσοι
977 1143 1087 1224 φίλων

73 1242 136 1331 μὲν
169 1248 304 1330 ἔχουσιν
339 1240 489 1331 ὀνόματα
519 1244 576 1310 καὶ
606 1242 876 1331 παρελήφθησαν
908 1247 956 1323 είς
986 1243 1087 1312 τόνδε

72 1348 134 1419 τὸν
160 1349 310 1437 πόλεμον
343 1345 388 1429 ὡς
413 1352 522 1428 κακῶς
553 1346 633 1429 τοὺς
663 1346 801 1428 κοινοὺς
832 1347 977 1436 ἐχθροὺς
1006 1347 1083 1436 μεθ’
1101 1374 1127 1415 ιο

26 1452 176 1544 192ήμῶν
198 1454 411 1543 ποιήσοντες,
440 1456 656 1542 ἐγκατέλιπον
685 1453 723 1522 δέ
748 1453 787 1522 τὸ
815 1453 899 1542 πρὸς
928 1452 1014 1542 ήμάς
1035 1480 1087 1523 πι-

72 1562 156 1631 στὸν
177 1563 234 1631 καὶ
256 1561 337 1651 μετὰ
359 1566 428 1630 τῶν
449 1566 618 1649 πολεμίων
636 1560 849 1648 ἀπορρήτους
865 1559 1088 1648 ποιησάμενοι
1207 1556 1210 1562 ’

73 1668 250 1757 συνθήκας
273 1672 472 1756 διαφθεῖραι
489 1666 617 1747 πάντας
639 1663 727 1755 ἡμᾶς
749 1665 961 1754 ἐπεβάλοντο.
1001 1666 1088 1736 πολὺ
1106 1665 1128 1731 3

72 1773 139 1861 γάρ
163 1766 258 1843 οὗτοι
280 1779 417 1854 κακίους
434 1777 504 1842 των
528 1776 564 1842 ἐκ
581 1776 643 1842 τοῦ
662 1778 814 1862 φανεροῦ
832 1779 1002 1861 πολεμίων
1022 1774 1088 1842 είσὶ

72 1881 130 1951 καί
153 1886 304 1968 μείζονος
324 1885 486 1969 τιμωρίας
508 1878 609 1962 άξιοι·
637 1878 717 1961 τοὺς
735 1879 796 1967 μὲν
819 1877 884 1968 γάρ
900 1881 958 1949 καί
981 1879 1088 1967 φυλά-
1102 1903 1128 1946 15

74 1990 199 2070 ξασθαι
235 1986 357 2079 ῥηίδιον
392 2000 464 2068 τοῖς
500 1988 814 2075 ἐπιβουλευομένοις
850 1987 907 2055 καὶ
939 1995 1088 2075 συμπλα-

54 2096 191 2173 ’κέντας
218 2091 263 2175 ὡς
296 2092 441 2182 ἐχθροὺς
473 2090 671 2183 ἀμύνασθαι
703 2092 868 2181 δυνατόν,
900 2099 1022 2181 φίλους
1054 2092 1085 2161 δ’

73 2197 209 2291 ἐχθρῶν
233 2206 313 2289 ἔργα
336 2199 615 2280 ποιοῦντας-οὔτε
634 2199 850 2287 φυλάξασθαι
868 2199 989 2292 ῥᾴδιον
1011 2199 1088 2269 ου”τε

73 2308 272 2397 άμάνασθαι
298 2321 369 2387 τοῖς
390 2313 703 2394 προκαταληφθεῖσι
731 2304 888 2374 δυνατόν.
935 2297 1028 2374 οὗτοι
1053 2304 1085 2373 δ’

74 2415 161 2484 είσὶν
191 2417 225 2483 οί
250 2415 462 2502 πεμφθέντες
487 2409 569 2501 ἡμῖν
592 2409 658 2480 ὑπὸ
687 2416 745 2499 τῆς
764 2408 938 2498 Ἀλβανῶν
960 2411 1089 2491 πόλεως
1101 2433 1128 2475 ιο

73 2524 129 2592 ἐπὶ
153 2520 242 2613 δόλφ
271 2519 440 2609 σύμμαχοι
466 2516 572 2587 κακὸν
599 2519 661 2607 μὲν
691 2517 797 2587 οὐθὲν
822 2516 882 2606 ὑφ’
908 2516 1005 2606 ήμῶν
1027 2541 1088 2586 πα-

72 2629 207 2715 θόντες,
226 2625 339 2713 άναθδι
358 2626 397 2694 δέ
409 2623 516 2710 πολλὰ
539 2625 595 2693 καὶ
618 2624 754 2713 μεγάλα.
790 2623 924 2693 άποικοι
942 2624 1004 2712 μὲν
1022 2623 1087 2712 γὰρ
1105 2629 1128 2694 4

74 2734 188 2806 αὐτῶν
217 2733 312 2814 ὄντες
340 2730 447 2801 οὐθὲν
474 2736 533 2820 τής
559 2731 691 2801 τούτων
717 2729 822 2819 άρχής
849 2731 1088 2819 παρασπάσαν-

72 2870 127 2923 τες
151 2846 244 2910 ίδίαν
267 2838 366 2928 ίσχὺν
388 2839 445 2907 καὶ
469 2838 618 2929 δύναμιν
641 2837 706 2907 άπὸ
724 2843 793 2907 τῶν
816 2843 913 2907 ίδίων
931 2837 1087 2926 πολέμων.

73 2947 301 3037 ἐκτησάμεθα,
330 2951 447 3015 ἔθνεσι
475 2945 514 3015 δέ
541 2950 709 3035 μεγίστοις
730 2945 786 3013 καί
808 2943 1088 3032 πολεμικωτάτοις
1101 2973 1128 3016 ω

148 3186 162 3234 1
182 3175 280 3234 καλοί
295 3171 443 3247 άλλάφελοι
460 3177 484 3232 Β
556 3183 573 3232 4
591 3176 673 3232 δυεῖν
688 3177 711 3230 Β
730 3177 812 3231 δυοῖν
829 3177 855 3230 Β
927 3181 960 3230 13
980 3167 1088 3242 συνθή-

73 3271 127 3314 κας
145 3244 333 3321 ποιησάμενοι
355 3249 378 3304 Β
460 3255 494 3304 16
518 3245 585 3313 τοὺς
608 3243 880 3320 ἐπιβουλευομένους
897 3246 924 3301 A
951 3251 1010 3308 τοῖς
1028 3240 1088 3299 ἐπι-

72 3354 370 3484 βουλευομέν<οι>ςΒ
429 3361 463 3410 19
482 3355 607 3410 τοιοῦτοι
623 3372 645 3410 ο.
660 3353 798 3408 Bficheler
813 3354 817 3420 1
835 3342 914 3407 οὗτοι
932 3345 962 3406 δ’
983 3313 1090 3409 ἐκεῖνάί

160 3433 195 3483 22
214 3422 330 3481 ἄποικοι
349 3423 451 3496 μένγε
471 3425 494 3479 Β
513 3424 547 3481 οῖ.
566 3425 690 3482 Βευᾶλεε
708 3424 798 3480 Tiroc.
817 3441 844 3493 p.
864 3430 880 3478 2
953 3426 989 3477 24
1007 3425 1088 3479 πολε·

73 3503 147 3571 μίαν
165 3499 189 3552 Β
206 3493 304 3553 πόνων
323 3514 346 3554 ο.
365 3496 467 3552 Reiske
