2454 3916
535 210 699 263 -Β,

110 366 257 452 γεγονως
280 365 381 448 αὐτὸς
398 371 496 457 <τῆς>
518 368 733 456 διαγνώσεως
755 373 816 438 τοῦ
839 372 1132 458 παραληψομένου

109 472 172 559 τὴν
195 470 303 562 ἀρχὴν
327 477 464 561 βασιλέα
486 479 545 562 τῆς
568 474 695 556 πόλεως
718 480 860 565 αἱρεῖται
883 474 1008 563 Νόμαν
1031 485 1131 565 Πομ-

109 585 231 648 πίλιον.
272 582 327 649 καὶ
350 581 431 670 μετὰ
453 587 553 651 τοῦτο
572 582 777 672 πρεσβευτὰς
799 581 976 663 ἀποδείξας
998 584 1132 652 ἐκτῶν

109 693 292 774 πατρικίων
316 684 485 757 άπέστειλε
507 688 586 770 τοός
604 692 907 777 παραληψομένους
928 686 990 758 τὸν
1013 688 1133 780 ἄνδρα

70 818 83 860 ι
110 794 162 860 έπὶ
184 792 246 881 τὴν
269 793 376 882 ἀρχὴν
399 799 542 890 ἐνιαυτῷ
566 802 666 888 τρίτῳ
685 802 743 884 της
767 795 1001 883 ἑκκαιδεκάτης
1023 795 1133 885 ὀλυμ-

108 897 243 985 πιάδος,
266 896 310 987 ἣν
335 904 428 970 ἐνίκα
451 903 592 972 στάδιον
615 902 824 992 Πυθαγόρας
847 901 981 972 Λάκων.

168 1019 184 1052 >
197 1009 330 1076 LVIIII.
366 1011 474 1097 Μέχρι
502 1009 564 1097 μὲν
593 1009 634 1098 δὴ
661 1008 791 1079 τούτων
823 1007 926 1078 οὐδέν
954 1007 1130 1081 ἀντειπεῖν

110 1114 172 1196 ἔχω
194 1112 279 1200 πρὸς
300 1113 380 1195 τοὺς
402 1116 628 1197 ἐκδεδωκότας
649 1115 711 1204 τὴν
729 1116 805 1203 περὶ
828 1113 890 1185 τόν
914 1113 1026 1203 άνδρα
1048 1123 1130 1187 τοῦ-

108 1242 168 1283 τον
193 1221 360 1309 ἱστορίαν,
384 1226 421 1291 έν
446 1223 483 1292 δὲ
505 1239 576 1304 τοῖς
598 1224 672 1310 ἑξῆς
690 1220 805 1310 άπορῶ
828 1228 865 1291 τί
883 1247 963 1291 ποτε
986 1223 1050 1311 χρὴ
1073 1228 1131 1294 λε’-

70 1349 95 1387 ιο
109 1348 191 1406 γειν.
222 1331 342 1398 πολλοὶ
361 1330 423 1418 μὲν
442 1331 505 1419 γάρ
526 1334 657 1417 <είσιν>
677 1334 712 1398 οἱ
727 1328 918 1416 γράψαντες
936 1327 989 1398 ότι
1003 1338 1131 1401 Πυθα-

108 1430 213 1520 γόρου
236 1435 390 1525 μαθητὴς
412 1435 430 1506 ό
455 1438 575 1526 Νόμας
597 1439 728 1523 ἐγένετο
750 1436 806 1503 καὶ
828 1433 909 1504 καθ’
932 1432 973 1504 ὃν
997 1437 1131 1526 χρόνον

108 1534 173 1605 ὑπὸ
202 1545 260 1628 τῆς
278 1541 450 1632 Ῥωμαίων
477 1544 606 1624 πόλεως
633 1541 816 1631 ἀπεδείχθη
846 1540 1005 1629 βασιλεὺς
1029 1553 1131 1631 φιλο-

109 1652 226 1733 σοφῶν
250 1653 286 1719 έν
306 1651 464 1737 Κρότωνι
484 1654 662 1738 διέτριβεν,
686 1648 704 1718 ό
729 1650 767 1718 δὲ
790 1648 912 1738 χρόνος
930 1655 990 1737 τῆς
1004 1657 1130 1722 Πυθα-

70 1749 214 1840 2γόρου
237 1755 369 1844 ἡλικίας
392 1758 528 1845 μάχεται
552 1755 636 1845 πρὸς
658 1755 718 1826 τὸν
742 1756 855 1843 λόγον.
902 1753 1032 1847 οὐγὰρ
1057 1756 1129 1828 όλί

69 1881 94 1924 ιε
107 1887 180 1946 γοις
203 1869 322 1949 ἔτεσιν,
346 1862 430 1933 ἄλλά
452 1866 507 1932 καὶ
520 1867 682 1953 ’τέτταρσι
710 1877 840 1950 γενεαῖς
867 1860 961 1942 ὅλαις
983 1861 1129 1952 ὕστερος

108 1969 238 2054 ἐγένετο
263 1970 473 2061 Πυθαγόρας
495 1971 613 2060 Νόμα,
636 1968 681 2051 ὡς
706 1973 741 2039 ἐκ
764 1975 834 2039 τῶν
854 1974 983 2039 κοινῶν
1007 1991 1178 2058 παρα-361

108 2073 261 2164 λήφαμεν
285 2083 452 2167 ἱστοριῶν.
499 2077 516 2147 ὁ
540 2078 601 2167 μὲν
628 2076 693 2166 γὰρ
722 2080 775 2146 ἐπὶ
802 2081 862 2165 τῆς
889 2079 1130 2168 ἑκκαιδεκάτης

109 2178 315 2271 ὀλυμπιάδος
342 2184 508 2273 μεσούσης
534 2184 597 2274 τὴν
616 2182 789 2271 Ῥωμαίων
819 2188 996 2271 βασιλείαν
1024 2191 1128 2276 παρέ-

107 2296 198 2378 λαβε,
213 2292 423 2381 Πυθαγόρας
446 2292 484 2360 δὲ
502 2289 583 2379 μετὰ
601 2289 663 2378 τὴν
682 2289 909 2377 πεντηκοστὴν
929 2288 1127 2379 ὀλυμπιάδα

109 2401 278 2489 διέτριψεν
307 2402 344 2468 έν
368 2399 499 2489 Ἰταλία.
544 2398 668 2468 τούτου
699 2396 730 2465 δ’
757 2402 804 2464 ἔτι
828 2402 941 2483 μεῖζον
966 2403 1030 2485 ἔχω
1053 2427 1128 2469 τεκ-

109 2505 230 2594 μήριον
255 2511 361 2574 εἰπεῖν
384 2504 468 2593 ὑπὲρ
491 2509 552 2574 τοῦ
576 2503 621 2592 μὴ
646 2517 842 2592 συμφωνεῖν
870 2501 949 2582 τοὺς
976 2509 1127 2592 χρόνους

106 2628 178 2693 ταῖς
200 2615 489 2701 παραδεδομέναις
516 2610 599 2697 ὑπὲρ
627 2616 689 2680 τοῦ
716 2607 842 2695 ἀνδρός
869 2613 1047 2699 ἱστορίαις,
1073 2611 1127 2682 ότι

107 2719 185 2789 καθ’
213 2720 253 2788 ὃν
277 2719 403 2807 χρόνον
427 2716 446 2787 ὁ
468 2718 588 2806 Νόμας
617 2719 668 2785 έπλ
691 2715 753 2804 τὴν
774 2723 950 2804 βασιλείαν
974 2720 1125 2788 ἐκαλεῖτο
1190 2751 1197 2762 ·

107 2823 172 2894 ὑπὸ
188 2825 361 2914 Ῥωμαίων
382 2823 474 2893 οόπω
494 2825 590 2904 πόλις
609 2816 652 2911 ἦν
670 2821 691 2910 ἡ
706 2821 864 2910 Κρότων·
886 2825 1040 2910 τέτταρσι
1059 2824 1124 2914 γάρ

68 2959 94 3002 νε
109 2930 200 3011 ὅλοις
229 2931 369 3020 ὕστερον
399 2937 506 3000 ἔτεσιν
534 2927 554 3017 ἢ
578 2929 702 3017 Νόμαν
730 2928 827 3016 άρξαι
845 2926 1020 3017 Ῥωμαίων
1051 2932 1125 3001 Μό-

109 3047 224 3130 σκελος
252 3036 357 3125 αὐτὴν
386 3043 513 3107 ἔκτισεν
546 3039 688 3128 ἐνιαυτῷ
718 3042 817 3126 τρίτην
844 3039 904 3122 τῆς
932 3036 1125 3109 ἑπτακαιδε-

68 2364 89 2429 3

68 2455 95 2496 20

181 3201 264 3268 Ῑτῆς
282 3198 502 3268 add.Kiessling
573 3194 713 3264 ῖαὶρεῖτε
730 3199 756 3251 Α
828 3187 956 3267 6*ένῇ
978 3196 1023 3266 Ο.Ι
1040 3217 1124 3253 πισα-

108 3267 197 3341 μόρας
215 3272 291 3325 ABa
309 3264 482 3339 πεισαγόρας
499 3269 546 3323 Bb
620 3275 653 3323 10
671 3265 726 3337 γὰρ
749 3264 778 3322 οἱ
799 3263 960 3337 γράψαντες
979 3267 1002 3320 Ο
1026 3267 1125 3325 *εἰσιν

107 3343 205 3398 addidi
218 3345 284 3412 post
302 3338 369 3412 γάρ;
390 3339 519 3410 ἔγραψαν
539 3339 713 3394 e.B1'icheler
785 3345 820 3394 20
840 3338 980 3408 διέτριβεν
1000 3356 1023 3393 ο.
1037 3340 1126 3397 Bent-

107 3412 153 3484 ley
170 3413 339 3470 Phalaridea
360 3431 388 3482 p.
409 3418 459 3466 121
483 3413 539 3466 ποῖ.
559 3410 640 3465 Ribb.
670 3413 674 3480 Ι
699 3409 731 3465 δέ
755 3431 781 3464 τι
804 3410 827 3463 Β
902 3415 937 3464 24
955 3405 1083 3480 κρόττων
1102 3413 1126 3467 Β

108 3490 143 3538 25
161 3481 324 3548 Μόσκελλος
343 3483 432 3540 Cobet
450 3481 515 3540 obs.
534 3501 561 3552 p.
582 3488 615 3536 52
