2454 3916
484 231 647 281 ..A-

57 385 166 474 ζόφον
190 388 227 454 ἐν
252 384 387 479 οὐρανῷ
410 385 631 474 κατασχόντα·
655 385 736 469 όψιν
756 388 804 472 δέ,
827 383 871 475 ἣν
889 389 944 456 καὶ
967 386 1005 456 τὸ
1030 397 1075 456 εί·

58 497 174 561 θωλον
192 491 271 579 εἶχε,
285 495 568 581 θαυμασιωτέραν
587 498 701 585 μακρῷ
722 493 764 580 δή
783 522 815 562 ιι
830 493 913 564 κατὰ
932 497 1076 582 μέγεθος

10 601 121 668 ιθσκαλ
138 599 261 680 κάλλος
284 597 492 687 ἀνθρώπων·
518 605 606 687 φασί
623 628 659 668 τε
678 606 785 669 εἰπεῖν
808 605 847 690 τῇ
865 601 950 689 κόρη
970 626 1075 689 παρη-

58 710 232 795 γοροῦντα
255 704 317 793 τὴν
336 706 446 793 λῦπην
469 704 531 774 τόν
549 706 770 794 βιασάμενον,
794 709 826 789 ἐξ
851 698 892 777 οῦ
915 709 1076 795 γενέσθαι

60 816 170 898 δῆλον
189 811 242 883 ότι
260 810 342 893 θεὸς
359 804 415 899 ἦν,
434 811 541 900 μηδὲν
559 810 729 899 ἄχθεσθαι
747 816 792 904 τῷ
811 811 923 880 πάθει.
959 810 996 882 τὸ
1011 811 1075 901 γάρ
1103 831 1116 873 ⁶

57 917 257 1006 κοινώνημα
279 922 348 988 τῶν
371 917 489 1005 γάμων
517 915 601 1007 αὐτῇ
627 921 805 1005 γεγονέναι
832 917 916 1006 πρὸς
938 917 998 988 τὸν
1022 921 1076 1006 έμ-

57 1023 249 1111 βατεῦοντα
271 1029 316 1117 τῷ
341 1031 452 1117 χωρίῳ
482 1029 643 1111 δαίμονα,
670 1028 825 1107 τέξεσθαι
854 1024 885 1093 θ’
912 1024 1017 1113 αὐτὴν
1042 1028 1077 1094 ἐκ

57 1135 123 1199 τοῦ
157 1136 304 1219 βιασμοῦ
338 1131 401 1200 θῦο
433 1135 555 1211 παῖδας
590 1129 786 1218 ἀνθρώπων
818 1137 933 1225 μακρῷ
965 1138 1077 1221 κρατί-

60 1256 163 1317 στους
185 1235 308 1327 ἀρετὴν
330 1239 386 1312 καὶ
413 1236 453 1306 τά
477 1239 626 1325 πολέμια.
671 1241 774 1306 ταῦτα
803 1237 841 1306 δὲ
864 1238 1000 1307 είπόντα
1023 1241 1077 1308 νέ-

60 1370 120 1432 φει
146 1349 443 1433 περικαλυφθῆναι
469 1344 525 1411 καὶ
553 1341 618 1412 ἀπὸ
647 1348 708 1430 γῆς
735 1342 884 1431 ἀρθέντα
912 1346 1077 1433 φέρεσθαι
1093 1364 1118 1404 1⁰

60 1448 109 1518 δι’
136 1447 234 1536 ἀέρος
257 1448 338 1518 ἀνω.
383 1448 473 1530 ὅπως
496 1449 558 1537 μὲν
578 1441 641 1518 οῦν
665 1447 727 1537 χρὴ
745 1451 821 1537 περὶ
844 1453 912 1519 τῶν
935 1453 1113 1519 τοιῶνὸεδ

61 1556 164 1644 δόξης
196 1562 300 1644 ἔχειν,
331 1556 475 1644 πότερον
506 1570 732 1644 καταφρονεῖν
771 1553 815 1645 ὡς
847 1554 1078 1644 ἀνθρωπίνων

60 1664 367 1754 ῥᾳδιουργημάτων
395 1669 442 1744 είς
474 1662 577 1743 θεοὺς
603 1662 870 1751 ἀναφερομένων
898 1663 1005 1751 μηδὲν
1034 1660 1078 1732 ἀν

60 1774 125 1840 τοῦ
156 1775 242 1839 θεοῦ
274 1770 498 1858 λειτούργημα
529 1774 588 1856 τῆς
620 1768 801 1857 ἀφθάρτου
828 1772 884 1839 καὶ
916 1777 1079 1858 μακαρίας

61 1875 199 1965 φύσεως
234 1874 374 1959 ἀνάξιον
406 1874 650 1963 ὑπομένοντος,
682 1872 703 1962 ἢ
735 1878 791 1945 καὶ
822 1876 944 1957 ταῦτας
975 1900 1080 1967 παρα·
1094 1897 1120 1939 15

61 1984 224 2069 δέχεσθαι
247 1980 305 2062 τὰς
328 1985 487 2070 ίστορίας,
511 1979 555 2062 ὡς
578 1972 849 2070 ἀνακεκραμένης
870 1987 929 2070 τῆς
951 1981 1081 2069 ἆπάσης

63 2085 184 2168 οὐσίας
206 2094 268 2157 τοῦ
290 2089 421 2176 κόσμου
443 2090 499 2156 καὶ
522 2086 643 2176 μεταξὺ
665 2094 727 2158 τοῦ
748 2094 849 2158 θείου
870 2089 927 2158 καὶ
949 2076 1081 2176 θνητοῦ

61 2199 187 2283 γένους
209 2202 322 2285 τρίτης
344 2194 437 2275 τινὸς
458 2192 675 2282 ῦπαρχοῦσης
697 2195 845 2283 φῦσεως,
874 2192 919 2283 ἣν
946 2194 984 2266 τὸ
1009 2185 1081 2264 θαι-

61 2300 183 2390 μόνων
212 2305 323 2389 φῦλον
352 2303 474 2388 ἐπέχει,
505 2300 579 2369 τοτὲ
607 2300 669 2388 μὲν
698 2299 911 2388 ἀνθρώποις,
942 2301 1016 2369 τοτε
1045 2299 1082 2368 θλ

61 2419 161 2488 θεοῖς
182 2407 457 2495 ἐπιμιγνύμενον,
476 2409 510 2489 ἐξ
528 2398 569 2475 οῦ
593 2404 611 2475 ό
631 2406 731 2493 λόγος
751 2411 817 2495 ἔχει
834 2404 872 2477 τὸ
892 2404 1081 2494 μυθευόμε-
1096 2427 1122 2468 ²0

10 2532 133 2584 ιθῖνον
156 2512 278 2603 ἡρώων
297 2518 403 2603 φῦναι
426 2516 539 2600 γένος,
569 2513 646 2582 οῦτε
668 2512 786 2602 καιρός
809 2515 846 2581 έν
869 2516 914 2603 τῷ
938 2510 1081 2600 παρόντι

64 2625 265 2690 διασκοπεῖν
301 2618 398 2709 ἀρκεῖ
431 2647 467 2689 τε
508 2619 572 2689 ὅσα
612 2618 817 2708 φιλοσόφοις
857 2620 932 2706 περὶ
969 2616 1081 2687 αῦτῦν

63 2720 198 2815 ἐλέχθη.ι
241 2726 262 2816 ἡ
288 2725 320 2795 θ’
347 2719 410 2796 οῦν
432 2727 517 2816 κόρη
541 2726 623 2816 μετὰ
641 2724 702 2795 τόν
726 2723 872 2813 βιασμὸν
895 2723 1118 2817 ἀρρωστεῖν4

63 2836 262 2922 σκηψαμένη
304 2835 417 2923 (τοῦτο
459 2832 523 2923 γάρ
560 2832 644 2923 αὐτῇ
686 2832 876 2922 παρῄνεσεν
913 2830 933 2919 ἡ
972 2832 1080 2921 μήτηρ

140 3070 154 3118 1
175 3065 224 3119 καλ
243 3060 312 3134 ὄψιν
336 3062 367 3119 δὲ
391 3063 437 3118 vel
456 3059 491 3133 δὴ
516 3081 539 3119 υ.
558 3063 669 3119 Urlichs
692 3064 747 3118 Eos
766 3063 779 3116 I
801 3082 828 3133 p.
848 3070 901 3118 324
925 3067 936 3189 η
956 3064 1005 3118 καλ
1028 3063 1082 3119 del.

63 3136 210 3206 Kiessling
281 3130 396 3208 2δ<ή>
413 3155 441 3189 τι
460 3136 483 3189 Β
501 3128 519 3204 ἢ
540 3152 562 3190 ο.
582 3133 724 3205 Kiessling
797 3126 868 3203 δῆν
886 3154 923 3189 κα
955 3132 1083 3205 μηδὲνΑ

104 3213 137 3262 11
163 3201 240 3269 ὅπως
262 3204 315 3277 μὲν
339 3207 382 3261 bis
406 3205 510 3275 scripta
532 3205 554 3259 B
638 3213 670 3260 13
690 3204 781 3275 μηδὲν
804 3198 840 3260 ἀν
862 3206 913 3260 τοῦ
938 3208 962 3260 Α
994 3203 1084 3291 μηδὲν

64 3275 158 3334 αῦτοῦ
177 3279 223 3332 Ba
248 3275 337 3348 μηδὲν
355 3270 393 3331 ἀν
412 3273 502 3332 αὐτοῦ
522 3276 570 3330 Bb
645 3282 748 3331 13-16
768 3277 854 3332 verba
872 3274 1083 3346 μηθὲν-υπο-

64 3348 204 3422 μένονιος
232 3349 262 3403 in
291 3349 477 3418 suspicionem
505 3350 588 3403 vocat
618 3347 762 3402 Meutzner
786 3348 804 3402 l.
824 3348 842 3402 l.
931 3351 963 3400 18
991 3346 1085 3414 τρίτης

63 3419 223 3545 τινὸςεουὸ
239 3414 360 3490 ΑΙῆο.
379 3419 481 3474 Portus
540 3424 574 3472 21
594 3414 687 3488 ἡρῶον
705 3418 782 3472 ΑΒο
840 3424 873 3472 22
893 3413 947 3471 ὅσα
966 3415 1084 3484 Stepha-

65 3510 121 3547 nus
142 3511 181 3553 ως
