2454 3916
120 196 200 279 ατε
544 226 579 236 -
616 200 643 250 r
676 227 711 236 -

119 364 181 428 ποί
205 383 293 437 τινες
321 357 358 425 έν
385 368 456 436 τοῖς
484 353 578 444 όρεσι
606 358 783 445 λοχῶντες)
812 352 894 426 όταν
919 356 957 426 δὲ
980 352 1072 443 άρθῖχ
1096 354 1138 424 τά

120 477 241 552 σημεῖα
268 461 448 549 λαβόντας.
462 460 545 550 <τδι>
574 459 660 531 όιτλα
688 475 809 550 χωρεῖν
838 459 888 531 ἐπ’
914 460 1038 543 αύτούς
1069 467 1139 531 ἔδει

119 570 247 650 πάντας
272 568 355 638 κατὰ
382 569 497 656 τάχος,
527 562 585 659 (ἦν
614 568 652 637 δὲ
680 567 722 637 ού
751 567 857 656 πολλὴ
885 566 949 656 <η>
978 570 1032 637 ἐπὶ
1054 567 1195 650 τοὺςςις

119 678 265 765 χάρακας
297 675 362 745 άπὸ
397 677 550 764 Φιδήνης
585 679 738 765 φέρουσα
770 673 866 762 ὁδός,
898 673 971 744 ἀλλ’
1003 674 1087 744 ὅσον
1114 672 1136 762 ἢ

80 809 93 850 5
121 784 224 853 δυσὶν
246 783 349 872 ὥραις
371 779 392 871 ἢ
414 785 526 871 τρισὶν
545 782 741 870 ἀνυσθῆναι
764 783 802 851 τὸ
822 782 1048 873 μακρότατον)
1068 786 1138 852 έπι-

120 892 289 978 φανέντας
312 890 350 959 δὲ
371 894 417 983 τῷ
441 889 549 977 άχῶνι
571 891 666 970 τέλος
688 889 754 977 ἤδη
778 895 890 977 ἔχοντι
913 888 1024 979 ὥσπερ
1048 889 1138 970 εἰκὸς

120 997 227 1084 μηδὲν
249 994 407 1084 ἡγεῖσθαι
429 1003 557 1082 φίλιον,
580 993 654 1064 ἀλλ’
676 994 736 1065 έάν
759 1022 794 1064 τε
814 994 971 1083 Ἀλβανοί
994 1001 1137 1065 νικῶσιν

119 1103 180 1172 ἐάν
212 1129 247 1171 τε
269 1101 427 1190 Ῥωμαῖοι
457 1092 601 1171 κτείνειν
632 1100 711 1183 τοὺς
741 1103 983 1191 κεκρατηκότας
1014 1101 1137 1172 αύτύν.
1207 1132 1209 1135 ’

118 1213 222 1278 ταῦτα
244 1201 289 1296 ἦν
313 1206 335 1277 ά
359 1212 541 1297 διέγνωστο
565 1207 722 1297 πράττειν
739 1222 809 1290 τοϊς
826 1209 1049 1297 προεστηκόσι
1067 1215 1136 1279 τῶν

79 1289 261 1416 ῧπόλεων.
316 1320 348 1385 εί
382 1315 445 1403 μὲν
483 1307 547 1385 οὖν
582 1314 796 1404 θρασύτερον
833 1318 887 1385 ἐπὶ
922 1315 983 1387 τὸν
1020 1315 1136 1403 ἀγῶνα

120 1419 281 1509 όόρμησαν
301 1421 458 1510 Ἀλβανοί
476 1421 649 1512 Ῥωμαίων
667 1422 984 1512 καταφρονήσαντες
1000 1424 1058 1492 καὶ
1077 1428 1136 1514 μιᾷ

119 1543 232 1614 κρῖναι
256 1528 344 1619 μάχη
367 1527 408 1597 τά
432 1528 494 1598 ὅλα
518 1532 719 1617 διέγνωσαν,
743 1527 850 1598 οὐθὲν
873 1526 917 1598 άν
939 1527 981 1598 τδ
1001 1535 1135 1598 κωλῦον

119 1627 163 1722 ἦν
191 1635 251 1705 τόν
279 1663 315 1705 τε
346 1639 661 1706 κατασκευασθέντα
690 1635 794 1706 δόλον
823 1634 874 1706 ἐπ’
899 1635 1014 1718 αὐτοῖς
1041 1645 1136 1724 λελη-

118 1744 220 1810 θέναι
242 1744 298 1811 καὶ
327 1743 540 1829 διεφθάρθαι
567 1741 608 1813 τά
635 1743 864 1832 στρατεύματα
892 1742 1003 1812 αὐτῶν
1027 1741 1136 1831 άμφό·

80 1880 106 1922 15
119 1869 210 1934 τερα·
248 1850 315 1915 νύν
348 1847 386 1915 δὲ
418 1845 439 1934 ἡ
477 1847 632 1936 διατριβὴ
664 1853 725 1918 τοῦ
761 1851 910 1937 πολέμου
945 1848 1137 1936 παράδοξος

118 1952 223 2022 άπασι
249 1956 414 2042 γενομένη
446 1956 503 2023 καί
532 1953 550 2024 ὁ
578 1955 701 2044 χρόνος
728 1959 766 2025 έν
794 1948 821 2050 ᾧ
848 1954 1135 2045 παρεσκευάζοντο

118 2059 223 2141 πολύς
259 2062 479 2148 ἐφελκυσθεὶς
520 2063 648 2150 διέχεεν
689 2060 801 2131 αὐτῶν
837 2060 877 2132 τὰ
913 2063 1135 2151 βουλεύματα.

118 2172 187 2238 τῶν
210 2167 274 2256 χάρ
302 2171 337 2237 έκ
364 2171 422 2256 τῆς
453 2174 667 2256 συνωμοσίας
688 2171 790 2259 τινές,
814 2178 879 2239 είτε
902 2175 1008 2238 οίκεῑα
1031 2172 1134 2259 κέρδη

118 2276 360 2363 περιβαλέσθαι
384 2278 556 2360 ζητούθτες
579 2283 644 2344 είτε
671 2288 743 2355 τοῖς
764 2276 1044 2362 κορυφαιοτάτοις
1065 2282 1136 2347 τῶν

79 2412 106 2452 εο
120 2383 291 2512 σφετέρων
323 2381 379 2448 καὶ
411 2379 450 2450 τὸ
483 2386 583 2469 έρχον
616 2384 892 2471 εἰσηγησαμένοις
921 2389 1137 2470 φθονοῦντες

119 2497 184 2558 είτε
211 2488 359 2577 μήνυσιν
388 2487 510 2576 ἑτέρων
541 2487 758 2577 δεδιότες,
738 2517 755 2558 ο
784 2516 816 2558 τι
843 2498 980 2571 πολλοις
1007 2495 1135 2578 συνέβη

118 2604 242 2664 παθεῖν
279 2597 317 2663 έν
357 2609 429 2675 ταῖς
465 2594 749 2682 πολυανθρώποις
786 2596 842 2664 καὶ
882 2601 1137 2726 χρονιζομέναις

119 2708 361 2790 συνωμοσίαις,
389 2710 455 2770 είτε
482 2700 548 2772 ὑπὸ
575 2709 673 2782 θείας
700 2701 965 2791 ἀναγκαζόμενοι
992 2704 1183 2793 χνύμηςιοο

119 2807 181 2876 ούκ
208 2806 366 2895 ἀξιούσης
393 2813 519 2904 έρχον
521 2807 664 2879 άνόσιον
691 2814 739 2890 είς
769 2807 902 2897 εύτυχὲς
924 2816 1135 2899 κατασκηψαι

79 2943 105 2984 τε
118 2916 213 2994 τέλος
235 2915 381 3002 μηνυταὶ
403 2921 557 3001 γίνονται
580 2929 651 2997 τοῖς
672 2920 845 3004 πολεμίοις
866 2921 927 2985 τού
951 2917 1066 2987 δόλου.

191 3082 208 3131 2
227 3069 302 3130 οτλα
320 3071 423 3130 AB
391 3096 427 3130 τοι
446 3075 510 3130 αδδ.
531 3073 620 3132 Cobet
633 3074 696 3131 Obs.
711 3094 740 3146 p.
754 3081 788 3133 58
805 3077 810 3149 Ι
827 3074 886 3132 ἔδει
904 3077 958 3134 del
974 3076 1063 3133 Cobet
1081 3079 1101 3132 l.
1115 3079 1134 3134 l

118 3177 252 3252 3r1‘.add
262 3181 406 3252 Kiessling
448 3161 659 3265 maorpmss
726 3183 799 3252 6τῷ
819 3199 874 3239 om.
893 3184 969 3238 BaR
1028 3189 1062 3239 12
1081 3205 1134 3239 κω-

119 3203 187 3309 λύον
204 3255 257 3309 ΑΒ
289 3253 416 3308 κωλύσω
443 3253 566 3308 Reudler
594 3252 685 3310 Τίτου.
712 3271 740 3323 p.
765 3238 800 3309 2⁴6
882 3261 916 3310 17
939 3249 1135 3341 άφελκνσθεὶς

72 3360 75 3364 -
119 3324 550 3411 οοττ.Βιεὶε1ίθ,παρελκνσθελς
573 3324 663 3380 Cobet
686 3324 753 3381 obs.
799 3331 860 3382 .58
937 3332 972 3381 22
991 3322 1134 3396 χρονιζού·

117 3412 222 3458 σαιςο.
242 3395 344 3452 Reiske
418 3390 485 3450 23
469 3390 526 3451 υπὸ
546 3396 632 3458 θείας
655 3394 744 3452 Cobet
792 3415 865 3454 nem.
884 3396 973 3468 IXp.
993 3403 1046 3456 319
1071 3398 1133 3454 Sin-

117 3467 192 3522 tenis
210 3467 273 3525 Em.
291 3467 372 3524 Dion.
392 3467 463 3538 IIp
483 3462 575 3523 σύπὸ
594 3464 719 3524 θέσειΟ
