2454 3916
571 218 736 268 -Γ-

148 373 186 442 δὲ
203 374 260 442 καί
277 376 346 441 τῶν
365 373 441 460 περὶ
454 377 568 461 φιλίας
586 370 711 460 ἠξίωσα
725 373 887 464 πρότερος
905 372 1020 462 ἀρχειυ
1039 375 1161 462 λόγων.

146 477 242 568 ὑμεῖς
261 479 299 548 δὲ
316 479 353 549 τὸ
373 479 454 569 μετά
471 485 570 549 τοῦτο
590 479 656 568 ήδη
676 490 867 568 σκοπεῖσθε,
883 481 1027 571 πότερον
1046 490 1161 549 οίεσθε

148 591 220 656 δεῖν
243 587 319 676 περὶ
341 591 483 673 βοιδίων
506 588 562 656 καὶ
584 591 775 676 προβατίων
803 584 955 677 ἀρπαγής
979 586 1161 656 ἄσπειστον

145 693 295 782 πόλεμον
318 693 499 782 φυλάττειν
522 691 606 783 πρὸς
627 691 707 773 τοὺς
728 698 905 774 κτίσαντας
927 694 984 762 καὶ
1006 696 1161 784 πατέρας,

105 830 119 872 τ
146 802 184 869 ἐν
216 791 244 892 ᾧ
274 801 331 887 καί
362 801 586 889 κρατηθέντες
617 798 799 868 ἀπολεῖσθε
834 800 891 868 καὶ
926 800 1162 888 κρατήσαντες,

146 903 167 994 ή
192 907 432 994 διαλυσάμενοι
454 905 516 994 τήν
534 905 617 996 πρὸς
639 905 718 988 τοὺς
737 921 909 994 συγγενεῖς
932 913 1061 996 ἔχθραν
1080 905 1159 994 μεθ’

145 1010 243 1102 ἡμῶν
275 1013 329 1083 ἐπὶ
360 1011 441 1092 τοὺς
471 1012 608 1093 κοινοὺς
639 1011 785 1100 ἐχθροόης
816 1027 954 1102 χωρεῖν,
988 1017 1024 1082 οἵ
1050 1040 1089 1099 γε
1120 1011 1162 1082 οό

146 1119 254 1208 μόνον
291 1117 477 1187 ἀπόστασιν
514 1117 720 1204 ἐβούλευσαν
751 1116 811 1207 ἀφ’
842 1117 952 1208 ὑμῶν,
984 1118 1070 1188 άλλά
1101 1120 1211 1190 καίλῖῖ

145 1225 387 1312 ἐπανάστασιν,
421 1223 497 1294 οὔτε
534 1225 741 1305 πεπονθότες
781 1222 884 1295 οὐδὲν
926 1225 1055 1302 δεινὸνΙ
1084 1226 1163 1296 οὔτε

107 1361 134 1402 ιο
147 1331 192 1421 μή
219 1332 356 1401 πάθωσι
384 1332 547 1418 δεδιότες,
575 1333 631 1400 καί
661 1328 735 1400 οὐδ’
761 1335 797 1401 ἐκ
823 1337 885 1402 τοῦ
912 1338 1064 1424 φανεροῦ
1090 1336 1162 1403 ἐπέ-

145 1450 248 1509 θεντο
276 1438 374 1529 ἡμῖν,
403 1437 448 1520 ὡς
476 1436 493 1507 ὁ
521 1437 637 1519 κοινός
663 1437 755 1520 ἀξιοῖ
779 1443 840 1509 τοῦ
868 1444 1017 1529 πολέμου
1044 1441 1161 1530 νόμος,

145 1545 218 1616 ἀλλ’
243 1545 309 1616 ὑπὸ
334 1545 489 1632 σκότους,
513 1545 560 1626 ὡς
587 1540 631 1613 ἀν
654 1542 773 1632 ήκιστα
796 1543 952 1615 ὑπίδοιτό
975 1574 1025 1628 τις
1047 1546 1161 1617 αὐτῶν

105 1655 126 1720 3
145 1653 207 1742 τήν
230 1652 414 1741 ἐπιβουλήν
437 1653 493 1720 καὶ
515 1651 710 1740 φυλάξαιτο.
755 1649 841 1720 ἀλλὰ
864 1651 928 1743 γδιρ
952 1653 1004 1724 ὅτι
1026 1655 1089 1743 μὲν
1110 1657 1162 1725 ἐπὶ

145 1760 225 1840 τοὺς
246 1757 408 1840 ἀνοσίους
432 1757 638 1846 ἀνθρώπους
666 1760 756 1826 ίτέον
782 1755 863 1846 ἡμῖν
891 1757 1004 1850 άπάση
1029 1766 1190 1852 σπουδή,

105 1886 131 1927 15
145 1863 431 1953 καταλυσαμένοις
457 1863 498 1933 τά
522 1869 605 1952 ἔχθη
629 1864 765 1954 (μανίας
787 1863 851 1954 γάρ
873 1866 1002 1957 θάτερα
1025 1865 1160 1959 ἀξιοῦν)

146 1971 191 2054 ὡς
227 1969 412 2058 ἐγνωκόσιν
448 1967 530 2058 ὑμῖν
566 1971 622 2039 καί
658 1970 861 2058 ποιήσουσιν
901 1971 1003 2042 οὐδὲν
1041 1977 1161 2064 δέομαι

144 2083 247 2148 πλείω
275 2080 385 2165 λέγειν
412 2078 469 2145 καὶ
496 2077 792 2166 παρακελεύεσθαι.
838 2075 879 2149 δν
907 2080 946 2148 δὲ
972 2081 1102 2169 τρόπον
1126 2085 1163 2151 αί

145 2185 316 2266 διαλύσεις
341 2184 441 2252 καλαὶ
467 2184 524 2252 καὶ
547 2184 782 2272 συμφέρουσαι
811 2184 957 2271 γένοιντ’
984 2183 1028 2255 ἀν
1051 2187 1160 2277 ἀμφο-

144 2295 255 2379 τέραις
281 2305 354 2372 ταῖς
380 2290 497 2359 πόλεσι
524 2291 638 2381 (τοῦτο
666 2289 729 2378 γὰρ
754 2299 835 2372 ἴσως
856 2302 994 2363 ποθεῖτε
1016 2293 1160 2366 ἀκοῦσαι

105 2453 132 2493 ,ο
145 2399 262 2488 πάλαι)
286 2402 352 2467 νῦν
375 2396 442 2485 ήδη
461 2396 661 2485 πειράσομαι
683 2399 803 2484 λέγειν.
844 2396 908 2486 ἐγὼ
933 2405 1058 2488 νομίζω
1081 2430 1160 2492 κρα-

143 2513 257 2587 τίστας
283 2505 345 2593 μὲν
373 2502 460 2573 εἶναι
489 2503 670 2591 διαλλαγάς
696 2506 752 2574 καί
778 2507 1053 2594 πρεπωδεστάτας
1081 2530 1160 2597 συγ-

143 2615 256 2701 γενέσι
278 2611 335 2680 καὶ
357 2615 470 2699 φίλοις
490 2608 575 2697 πρὸς
597 2608 777 2698 ἀλλήλους,
805 2614 843 2681 ἐν
865 2609 918 2695 αἷς
941 2613 1043 2685 οὐδέν
1068 2619 1159 2686 ἐστιν

104 2365 127 2429 4

144 2727 283 2809 ἔγκοτον
308 2716 388 2788 οὐδὲ
411 2721 618 2806 μνησίκακον
645 2715 796 2806 ἀφέσεως
822 2718 925 2789 ἀπασι
946 2721 1031 2811 πρὸς
1052 2721 1159 2792 ἀπαν-

142 2855 202 2909 τας
229 2824 312 2915 ὑπὲρ
341 2817 390 2894 ὧν
423 2828 570 2912 ἔδρασαν
597 2821 618 2912 ή
648 2830 779 2894 ἔπαθον
806 2824 936 2897 ἀδόλου
962 2832 1203 2919 γινομένης,4ισ

104 2955 131 2999 ει
145 2927 246 3022 ήττον
275 2934 314 3002 δὲ
340 2932 470 3002 τούτων
500 2930 688 3020 εὐπρεπεῖς,
718 2934 756 3001 ἐν
788 2927 842 3014 αἷς
872 2932 910 3003 τό
938 2935 1000 3023 μὲν
1027 2942 1160 3025 πλῆθος

144 3040 324 3110 ἀπολύεται
355 3045 424 3109 τῶν
457 3039 689 3128 ἐγκλημάτων,
722 3043 757 3108 οἱ
786 3040 824 3108 δδ
855 3038 1076 3129 ἀδικήσαντες
1102 3043 1159 3113 ἀλ-

214 3207 231 3256 2
251 3201 423 3275 σκοπεῖ<τ>ε
441 3202 465 3255 Β
541 3206 557 3254 3
577 3195 727 3272 προβάτων
747 3200 770 3256 0
794 3216 864 3256 corr.
884 3200 973 3258 Cobet
991 3202 1056 3258 Obs.
1076 3221 1104 3274 p.
1123 3208 1158 3258 59

142 3267 723 3416 ῗδόόῖτόίωῖδῗὲξῖάἀπεωῖἕνμάιω
742 3273 952 3415 όοόὲόόδιΒξ
968 3349 1003 3400 ω
1024 3281 1040 3330 ⁹
1059 3270 1158 3416 1⁶3⁹ss

142 3409 306 3471 νοιτἈΒσ
360 3421 394 3470 22
414 3412 553 3484 φίλονςΑ
608 3419 641 3469 23
661 3409 726 3470 οὔτε
741 3415 795 3469 ΑΒ
813 3408 882 3470 οόδὲ
898 3415 977 3471 ΟΒΕ
1027 3422 1064 3472 24
1077 3435 1158 3488 γενο·

143 3483 230 3558 μένης
248 3484 328 3542 CDE
400 3483 547 3557 25ηἷττον
565 3489 591 3541 Α
