2454 3916
526 218 690 271 -A-
1072 218 1113 282 19

107 378 341 463 βασιλεύοντος
371 381 497 462 Αἰζειοὶ
529 380 700 465 ἐλέγοντο,
732 378 908 457 Λυκάονος
941 377 978 444 δὲ
1010 402 1113 467 παρα-

107 484 265 570 λαβόντος
277 483 340 573 τήυ
360 484 468 575 ἀρχήν
491 482 545 554 ἀπ’
566 488 698 554 ἐκείνου
717 477 819 564 αὖθις
833 483 1007 565 Λυκάονες
1030 483 1112 554 άυο-

106 590 297 679 μάσθησαυ,
326 589 501 678 Οἰνώτρου
530 590 567 658 δὲ
593 596 793 678 κομίσαντος
816 588 938 670 αὐτοὺς
966 595 1013 671 είς
1032 590 1112 660 Ἰτα-

104 704 174 765 λίαν
200 704 368 782 Οἰνωτροι
392 697 518 786 χρόνον
540 694 616 764 τινὰ
644 696 846 784 ἐκλήθησαν.
892 711 1053 785 μαρτυρεῖ
1076 700 1152 766 όέ2

104 830 158 890 μοι
181 807 229 896 τῷ
253 803 343 894 λόγῳ
367 806 547 889 Σοφοκλῆς
570 802 631 889 μὲν
655 801 673 871 ό
696 801 950 895 τραγῳδοποιός
973 806 1009 872 έν
1037 811 1139 891 Tot-5

101 913 250 1002 πτολέμῳ
279 908 439 999 δράματι·
466 916 641 997 πεποίηται
668 909 732 997 γὰρ
760 908 849 1003 αὐτῷ
874 909 1039 999 Δημήτηρ
1063 914 1112 977 δι-

103 1017 271 1085 δάσκουσα
293 1014 353 1085 τὸν
381 1015 624 1103 Τριπτόλεμον,
653 1014 738 1102 όσηυ
761 1015 874 1104 χώραν
898 1015 1111 1104 ἀναγκασθή-

102 1144 188 1192 σεται
223 1128 369 1208 σπείρων
395 1137 466 1202 τοῖς
495 1127 649 1209 δοθεῖσιν
678 1121 734 1191 ὑπ’
765 1121 867 1211 αὐτής
894 1139 1034 1211 καρποῖς
1062 1127 1111 1191 δι-

101 1232 266 1312 εξελθεῖν·
294 1239 484 1317 μνησθεῖσα
508 1229 545 1297 δὲ
567 1233 625 1316 τής
648 1229 735 1320 έμόυ
757 1234 891 1317 πρῶτον
911 1228 1066 1314 Ἰταλίας,
1089 1228 1110 1317 ή

101 1339 186 1407 ἐστιν
211 1333 269 1404 ἀπ’
294 1334 398 1425 άκρας
422 1334 590 1422 Ἰαπυγίας
617 1339 713 1423 μέχρι
736 1340 895 1423 πορθμοῦ
919 1339 1110 1421 Σικελικοῦ,
1125 1355 1150 1395 10

67 1429 70 1432 Δ
101 1443 151 1511 καί
183 1440 265 1530 μετὰ
297 1447 395 1511 τοῦτο
422 1448 481 1530 τής
508 1439 646 1529 ἀντικρὺ
674 1439 831 1529 ἁψαμένη
857 1447 1028 1526 Σικελίας,
1057 1442 1109 1508 ἐπὶ

100 1547 155 1636 τήν
189 1551 347 1638 ἑσπέριον
372 1548 516 1617 Ἰταλίαν
549 1540 650 1629 αὖθις
679 1547 880 1635 ἀναστρέφει
902 1549 958 1616 καὶ
986 1544 1026 1616 τόι
1055 1549 1109 1634 μέ-

101 1675 191 1738 γιστα
224 1659 294 1722 τῶν
331 1655 517 1723 οἰκούντων
548 1652 610 1741 τήν
641 1657 806 1744 παράλιον
838 1655 962 1742 ταύτην
994 1656 1109 1722 ἐθνῶν

102 1763 313 1849 διεξέρχεται,
339 1760 402 1849 τήν
429 1760 535 1849 όιρχήυ
563 1761 628 1830 άπὸ
656 1765 714 1850 τής
743 1764 925 1850 Οἰνώτρων
950 1761 1109 1848 οἰκήσεως

99 1870 314 1956 ποιησαμένη.
358 1865 488 1957 ἀπόχρη
522 1868 559 1936 δέ
589 1873 692 1938 ταῦτα
725 1868 813 1956 μόνα
844 1871 1007 1955 λεχθέντα
1038 1871 1106 1935 τῶν
1121 1885 1147 1925 15

63 1986 88 2038 34
101 1977 268 2062 ἰαμβείων,
292 1975 329 2042 ἐν
353 1969 404 2054 οἷς
426 1995 525 2062 φησι·

253 2097 294 2167 τὰ
318 2096 349 2165 θ’
375 2098 544 2184 ἐξόπισθε,
567 2096 676 2188 χειρὸς
699 2102 746 2178 εἰς
768 2096 808 2166 τά
834 2098 936 2184 δεξιά,

255 2210 423 2292 Οἰνωτρία
446 2232 480 2273 τε
502 2209 592 2273 πάσα
614 2207 670 2273 καί
697 2203 906 2292 Τυρρηνικὸς

253 2311 376 2391 κόλπος
399 2311 583 2397 Λιγυστική
606 2338 640 2380 τε
663 2316 704 2399 γή
730 2331 766 2379 σε
791 2313 926 2390 δέξεται.

96 2429 259 2524 Ἀντίοχος
291 2435 328 2503 δέ
356 2433 375 2504 ὁ
403 2435 652 2525 Συρακούσιος,
685 2433 898 2522 συγγραφεὺς
929 2433 1020 2502 πάνυ
1047 2415 1143 2523 &cp-3

97 2557 198 2629 χαϊος,
232 2543 271 2608 ἐν
295 2539 434 2620 Ἰταλίας
467 2545 605 2633 οἰκισμῷ
633 2539 711 2620 τοὺς
744 2537 986 2619 παλαιοτάτους
1015 2541 1103 2627 οἰκή-
1118 2503 1144 2542 ²⁰

96 2673 189 2738 τορας
219 2645 368 2732 διεξιὼν,
397 2644 441 2727 ὡς
469 2649 604 2716 ἕκαστοί
627 2674 660 2716 τι
683 2649 783 2734 μέρος
810 2643 912 2732 αὐτῆς
938 2662 1103 2735 κατεῖχον,

97 2755 287 2842 Οἰυεότρους
317 2756 406 2841 λέγει
437 2753 591 2841 πρώτους
621 2758 689 2822 τῶν
721 2756 1028 2841 μνημονευομένων
1065 2758 1102 2824 ἐυ

96 2859 172 2951 αὐτή
200 2864 410 2947 κατοικήσαι,
439 2858 541 2928 εἰπὼν
570 2851 652 2927 ὦδε·
683 2857 867 2946 ’Ἀντίοχος
889 2861 1101 2947 Ξενοφάνεος

95 2966 167 3035 τάδε
192 2969 383 3054 συνέγραφε
405 2969 480 3054 περὶ
490 2965 640 3053 ’Ἰταλίης
662 2968 698 3033 ἐκ
724 2970 792 3034 τῶν
816 2964 965 3053 ἀρχαίων
989 2967 1101 3052 λόγων
1115 2999 1141 3039 25

161 3135 175 3181 1
196 3125 282 3192 αἰζιοὶ
299 3127 375 3181 ABb
400 3125 492 3194 αἰζηοὶ
511 3127 557 3181 Ba
580 3125 693 3195 αἰζήνες
712 3144 734 3181 ο.
755 3125 876 3195 Sylburg
948 3125 1099 3195 5*μουΟ

96 3202 125 3251 10
140 3193 219 3252 *ἀπὸ
239 3193 330 3266 ἄκρας
349 3197 371 3252 Ο
437 3203 469 3251 11
488 3199 538 3267 τῆς
556 3193 689 3265 ἄντικρυς
708 3214 730 3252 ο.
745 3196 887 3266 Kiessling
960 3203 991 3251 12
1013 3188 1101 3258 αὖθις

97 3267 241 3323 ἰταλίανΒ
316 3275 348 3322 13
367 3266 505 3336 παράλιον
523 3269 548 3321 R
584 3270 726 3338 παραλίαν
744 3267 793 3320 ΑΒ
867 3274 900 3322 16
920 3266 1099 3338 ἰαμβικῶνΒ

128 3347 158 3394 19
172 3334 353 3408 λυγιατικὴΑ
368 3341 373 3408 Ι
388 3359 417 3393 τε
432 3341 519 3396 om.B
574 3345 608 3394 22
625 3337 761 3408 κατέσχον
781 3338 956 3407 c.Kiessling
1010 3343 1043 3390 23
1060 3333 1098 3389 οἰ-

97 3406 230 3479 ιυτρόους
246 3410 292 3464 Ba
314 3408 491 3479 οἰνωτροίους
509 3411 555 3466 Bb
633 3416 667 3465 24
686 3406 866 3478 ξενοφάνευς
883 3409 910 3463 A
986 3412 1021 3461 25
1041 3404 1098 3460 ἰτα-

98 3480 150 3548 λίης
165 3482 188 3535 Β
207 3479 316 3544 ἰταλίας
333 3481 360 3534 R

899 3567 937 3620 22
