2454 3916
536 255 568 263 -
607 227 701 277 Γ-
1058 221 1122 286 387

113 381 197 452 ἀλλά
239 382 328 474 δόλῳ
370 388 523 470 μείζονας
563 376 666 462 αὖθις
705 382 922 452 ἀποστέλλειν
963 381 1125 470 δυνάμεις

112 489 397 577 παρεσκευάζοντο
433 490 489 558 καὶ
522 487 709 577 στρατηγὸν
742 489 986 579 ἐμπειρότερον.
1037 487 1055 558 ὁ
1086 489 1124 557 δὲ

118 595 303 683 Ταρκύνιος
335 593 456 682 μαθὼν
483 593 546 682 τὴν
579 595 736 665 διάνοιαν
769 593 881 664 αὐτῶν
910 600 1035 683 συνηγε
1061 593 1124 682 την

113 701 274 790 στρατιάν
303 700 360 768 διά
386 702 509 790 τάχους
535 705 590 771 καὶ
619 704 700 790 πρὶν
728 704 878 782 ἐκείνους
902 700 1053 781 ’ἅπαντας
1082 699 1124 788 δὴ

113 817 295 877 συνελθεῖν
312 807 443 896 φθάνει
463 809 582 895 διαβὰς
599 809 660 879 τὸν
675 808 809 896 Ἀνίητα
826 807 988 895 ποταμόν.
1020 812 1126 876 ταῦτα
1139 774 1166 902 ἓ

114 913 236 1003 μαθάν
258 911 277 982 δ
299 919 368 983 τῶν
392 920 555 1002 Σαβίνων
579 914 763 1003 στρατηγός
790 915 877 1004 ἐξῄει
906 915 968 1003 μὲν
992 912 1037 994 ὡς
1056 912 1126 1001 εἶχε

113 1022 236 1108 τάχους
266 1019 329 1109 τὴν
361 1024 480 1091 νεωστί
498 1025 729 1110 συνηγμένην
766 1021 913 1109 δύναμιν
944 1019 1126 1107 ἀντιλαβὼν

113 1130 169 1196 καλ
199 1128 495 1216 στρατοπεδεύεται
524 1134 668 1215 πλησίον
695 1133 763 1198 τῶν
786 1127 959 1216 Ῥωμαίων
987 1128 1041 1196 ἐπὶ
1070 1127 1126 1196 λό-

114 1261 183 1322 φου
214 1234 307 1314 τινὸς
337 1231 472 1322 ὑψηλοῦ
502 1235 559 1302 καὶ
586 1232 774 1320 ἀποτόμου,
806 1233 912 1321 μάχης
942 1234 980 1303 δέ
1010 1234 1126 1322 ἀρχειν

115 1339 176 1409 οὐκ
199 1343 393 1427 ἐδοκίμαζεν
417 1342 479 1419 ἕως
496 1342 534 1407 αί
554 1340 668 1406 λοιπαί
691 1343 759 1406 τῶν
777 1343 940 1424 Σαβίνων
965 1339 1126 1427 δυνάμεις
1140 1358 1167 1398 1⁰

116 1448 343 1531 συνέλθωσιν,
367 1442 440 1512 ἀλλ’
461 1446 515 1513 ἐπὶ
536 1442 615 1523 τοὺς
637 1443 911 1532 προνομεύοντας
932 1443 994 1532 την
1013 1444 1126 1532 χώραν

115 1554 290 1638 ἐκπέμπων
317 1549 374 1618 ἀεί
397 1576 492 1631 τινας
519 1554 587 1618 τῶν
616 1552 742 1618 ίππέων
769 1549 825 1617 καὶ
847 1549 969 1637 λόχους
992 1553 1128 1638 ἐγκαθί-

115 1665 181 1740 ζων
203 1655 301 1737 ὕλαις
318 1653 339 1745 ἢ
358 1656 482 1737 νάπαις
500 1655 589 1745 εἶργε
607 1655 687 1736 τοὺς
704 1655 888 1744 Ῥωμαίους
904 1661 974 1726 τῶν
993 1659 1046 1726 ἐπὶ
1064 1656 1127 1744 τὴν

55 1785 61 1795 ·
116 1764 229 1853 χώραν
253 1763 389 1845 ἐξόδων.
489 1796 492 1801 “

203 1873 301 1940 LXV.
342 1875 471 1939 Τοῦτον
485 1870 537 1938 ’δὲ
568 1869 629 1938 τὸν
662 1869 789 1959 τρόπον
819 1869 923 1940 αάτοό
951 1872 1127 1959 χρωμένου
1141 1886 1168 1928 1⁵

115 1983 162 2069 τῷ
179 1979 318 2068 πολέμῳ
342 1978 463 2058 πολλαὶ
486 1977 548 2064 μέν
576 1978 764 2064 συμπλοκαὶ
788 1978 870 2062 [καὶ]
894 1976 965 2046 κατ’
992 1977 1129 2065 όλίγους

62 2088 232 2166 σῖῠριλῶν
259 2085 372 2151 τεκαὶ
400 2085 526 2151 ίππέων
555 2085 723 2170 ἐγίνοντο,
756 2082 843 2171 μάχη
877 2083 915 2152 δέ
948 2082 1128 2172 ὁλοσχερὴς

117 2189 275 2260 ἁπάντων
299 2189 448 2277 οὐδεμία.
494 2191 676 2277 ἑλκομένου
705 2189 743 2257 δέ
765 2194 826 2258 τοῦ
848 2190 976 2277 χρόνον
999 2189 1045 2258 δι’
1072 2189 1128 2278 ἀρ

116 2302 178 2384 γῆς
200 2299 315 2383 φέρων
337 2296 399 2383 τὴν
423 2294 600 2384 διατριβὴν
629 2295 647 2364 ό
671 2296 857 2384 Ταρκύνιος
884 2296 937 2364 ἐπὶ
959 2295 1022 2384 τὴν
1045 2320 1127 2383 παρ-

117 2401 263 2491 εμβολὴν
290 2407 358 2472 τῶν
388 2410 557 2490 πολεμίων
588 2402 647 2483 τάς
674 2403 836 2491 δννάμεις
867 2408 998 2492 ἔκρινεν
1030 2401 1126 2490 ἀγειν
1140 2425 1168 2466 εο

115 2510 171 2576 καὶ
193 2506 318 2588 πολλὰς
341 2507 520 2595 ἐποιήσατο
542 2508 742 2596 προσβολάς.
788 2496 901 2577 ἔπειτα
919 2506 1126 2595 καταμαθὼν
1145 2505 1167 2570 2

115 2619 161 2708 τῷ
184 2618 283 2705 βιαίῳ
301 2618 371 2682 τῶν
389 2613 523 2703 τρόπων
544 2613 585 2683 οά
604 2617 726 2705 ῥᾳδίαν
747 2607 854 2683 οὖσαν
873 2613 979 2702 αὐτὴν
998 2611 1127 2682 ἁλῶναι
1164 2666 1166 2671 ,

117 2721 174 2788 διά
201 2719 262 2808 τὴν
291 2721 473 2809 ἐχυρότητα
499 2725 539 2810 τῇ
568 2719 687 2789 σπάνει
715 2725 783 2790 τῶν
811 2722 1008 2807 ἐπιτηδείων
1030 2729 1126 2789 πολε-

116 2842 190 2915 μεῖν
217 2842 288 2907 τοῖς
315 2831 352 2896 ἐν
380 2827 464 2917 αὐτῇ
493 2831 632 2915 διέγνω,
659 2827 714 2895 καὶ
741 2825 831 2915 παρά
854 2827 961 2907 πόσας
988 2826 1046 2909 τάς
1069 2854 1126 2916 φε-

116 2932 241 3020 ρούσας
267 2931 317 3001 ἐπ’
345 2932 451 3021 αὐτὴν
483 2931 584 3013 ὁδοὺς
611 2933 759 3021 φρούρια
790 2934 1126 3022 κατασκευαζόμενος,
1140 2956 1168 2998 τε

117 3042 312 3121 ξυλίζεσθαί
339 3065 384 3133 τε
406 3037 530 3120 αὐτοὺς
560 3041 615 3107 καί
646 3038 742 3128 χιλὸν
776 3043 889 3119 ἵπποις
920 3056 1126 3127 συναγαγεῖν

187 3188 202 3236 7
223 3178 401 3251 συνηγμένην
419 3181 584 3252 δόναμινΒ
610 3178 733 3254 δύναμιν
752 3199 775 3238 σ.
795 3183 819 3236 R
839 3182 844 3253 1
864 3180 913 3267 καλ
930 3177 1083 3253 ἀναλαβὼν
1101 3185 1127 3238 Α
1176 3211 1180 3218 ·

116 3279 148 3327 16
168 3271 218 3326 καλ
236 3270 289 3324 del.
304 3270 442 3326 Bficheler
513 3276 547 3325 21
566 3268 744 3341 καταμαθὼν
762 3271 785 3324 Β
803 3267 946 3341 μαθώνΒ.
1017 3277 1051 3325 22
1075 3267 1126 3326 τὸν

113 3339 254 3412 τρόπονΔ
298 3347 333 3396 23
347 3337 397 3397 διά
411 3337 463 3412 τὴν
479 3339 665 3412 ἐχυρότηταΒ
684 3337 724 3397 δι’
736 3339 903 3411 ίσχνρότητα
912 3341 938 3395 Β
949 3340 953 3414 λ
964 3345 1127 3411 πολιορκεῖν

115 3431 138 3468 ο.
148 3413 250 3484 Pflugk
290 3418 325 3468 24
338 3413 354 3448 *
363 3409 430 3476 τοὺς
445 3412 467 3469 Ο
482 3414 517 3469 ef.
532 3413 620 3468 Krebs
639 3412 693 3468 Zur
702 3414 820 3468 Βεοίὶοο
835 3412 861 3466 d.
876 3411 962 3466 Casus
973 3417 1042 3468 188⁶
1052 3431 1079 3482 p.
1092 3421 1125 3469 16

114 3490 148 3538 25
168 3480 328 3553 φρούριαΒ
348 3479 476 3554 φρουρὰς
488 3485 514 3538 Β
576 3490 610 3539 26
630 3482 764 3553 συνάγειν
783 3501 806 3539 α.
826 3482 915 3538 Cobet
934 3482 997 3538 obs.
1017 3501 1044 3553 p.
1065 3490 1098 3540 72

910 3571 966 3626 25*
