2454 3916
119 191 161 256 72
545 195 710 247 -A-

181 354 364 421 XXXXVI.
399 351 502 420 Ἰλίου
527 355 756 440 κρατηθέντος
787 351 843 422 ὑπ’
875 353 1034 442 Ἀχαιῶν,
1067 362 1154 422 είτε

115 463 176 528 τοῦ
200 463 359 546 δουρείου
382 463 485 527 ίππου
508 463 547 548 τῇ
574 457 696 548 ἀπάτη,
725 457 770 538 ῶς
786 457 916 553 Ὁμήρῳ
945 466 1156 548 πεποίηται,

116 575 180 634 είτε
203 570 243 655 τῇ
270 569 437 656 προδοσίᾳ
464 570 532 635 τῶν
553 564 801 654 Ἀντηνοριδῶν
829 576 895 636 είτε
918 565 1028 647 άλλως
1050 591 1143 652 πως,

114 672 152 743 τὸ
177 672 238 761 μὲν
256 672 338 741 ἀλλο
358 677 490 760 πλῆθος
509 676 546 741 ἐν
565 677 604 762 τῇ
623 672 719 741 πόλει
743 673 893 762 Τρωικόν
917 701 953 742 τε
975 675 1031 743 καί
1052 694 1142 761 συμ-

88 778 257 867 ὁμαχικὸν
290 783 327 849 ἐν
360 795 432 860 ταῖς
463 777 580 859 εὐναῖς
608 785 655 849 ἐτι
682 778 1026 868 καταλαμβανόμενον
1057 783 1135 867 ἐφο·

116 889 233 955 νεῦετο
257 885 398 975 (νυκτὸς
425 884 489 974 γὰρ
520 884 561 972 δὴ
584 884 623 954 τὸ
648 885 764 956 δεινὸν
788 885 996 974 ἀφυλάκτοις
1019 884 1137 966 αὐτοῖς

115 995 288 1080 ἐπιστῆναι
313 995 446 1081 ἔοικεν),
470 998 608 1073 Αἰνείας
641 993 678 1061 δὲ
700 994 756 1061 καὶ
789 996 824 1061 οί
844 990 908 1062 σῦν
931 993 1025 1084 αὐτῷ
1048 1016 1135 1080 παρ-

116 1098 210 1178 όντες
242 1097 397 1167 Ἰλιεῦσιν
434 1101 606 1186 ἐπίκουροι
648 1104 758 1187 Τρῶες
797 1101 833 1167 ἐκ
870 1096 1062 1185 Δαρδάνου
1100 1125 1134 1168 τε

114 1203 243 1284 πόλεως
269 1205 325 1271 καί
350 1202 535 1292 Ὀφρυνίου
563 1209 631 1274 τῶν
659 1232 695 1274 τε
722 1204 836 1274 ἀλλων
864 1203 939 1274 ὅσοι
962 1208 1022 1291 τῆς
1043 1203 1133 1273 κάτω

76 1332 101 1370 1⁰
115 1311 243 1391 πόλεως
273 1309 495 1399 ἁλισκομένης
528 1317 684 1398 ἔφθασαν
721 1321 884 1398 αίσθησιν
920 1316 981 1380 τοῦ
1016 1313 1133 1380 δεινοῦ

115 1424 247 1505 λαβεῖν,
275 1421 329 1488 ἐπὶ
357 1416 396 1487 τά
425 1417 567 1507 καρτερά
595 1422 656 1486 τοῦ
685 1418 870 1507 Περγάμου
896 1418 1133 1508 συμφυγόντες

114 1523 177 1613 τὴν
210 1525 394 1614 ἀκρόπολιν
427 1529 503 1617 ίδίφ
540 1530 639 1612 τείχει
672 1523 935 1613 φρουρουμένην
968 1533 1132 1613 καταλαμ-

114 1631 294 1718 βάνονται,
323 1635 360 1701 ἐν
388 1624 409 1721 ᾖ
432 1635 488 1701 καλ
512 1630 585 1721 ίερά
613 1630 653 1699 τά
677 1641 812 1724 πατρῷα
835 1646 906 1712 τοῖς
932 1633 1067 1719 Τρωσὶν
1090 1623 1134 1718 ἦν

115 1741 171 1807 καὶ
198 1739 377 1826 χρημάτων
402 1736 419 1807 ὁ
444 1737 548 1818 πολῦς
575 1743 734 1824 πλοῦτος,
765 1733 819 1806 οἷα
842 1736 931 1818 είκδς
954 1740 991 1806 ἐν
1015 1740 1135 1830 ἐχυρῷ,

75 1810 172 1938 {nal
195 1849 256 1914 τοῦ
285 1851 523 1933 στρατιωτικοῦ
545 1844 583 1915 τὸ
606 1845 804 1931 κράτιστον·
838 1850 924 1915 ἐνθα
946 1843 1135 1932 ὑπομένον-

115 1979 169 2032 τες
209 1951 436 2040 ἀπεκροῦοντο
472 1952 551 2033 τοὺς
586 1955 816 2040 πειρωμένους
852 1955 1039 2038 ἐπιβαίνειν
1077 1955 1136 2038 τῆς

116 2059 219 2147 ῦκρας
250 2059 306 2126 καί
337 2057 375 2127 τὸ
410 2063 589 2128 διαπῖπτον
621 2056 686 2128 ῦπὸ
715 2063 773 2146 τῆς
805 2056 962 2138 ἀλῶσεως
998 2062 1206 2146 πλῆθοςῃ

116 2169 269 2257 ἐμπειρία
311 2171 493 2235 στενωπῶν
534 2164 740 2246 ῦποθέοντες
780 2164 1038 2254 ἀνελάμβανον·
1057 2165 1136 2233 *καὶ

84 2307 90 2401 χ
116 2275 247 2360 ἐγένετο
270 2277 332 2341 τοῦ
355 2276 632 2360 καταληφθέντος
654 2280 771 2341 πλεῖον
794 2270 832 2341 τὸ
857 2271 1039 2360 διαφυγόν.
1072 2269 1135 2358 τὴν

75 2406 103 2471 ηο
117 2381 179 2469 μὲν
209 2379 250 2467 δὴ
279 2377 398 2449 αὐτίκα
426 2378 535 2469 ὁρμὴν
564 2384 633 2448 τῶν
656 2384 843 2467 πολεμίων,
866 2375 910 2466 ἣν
934 2377 1026 2466 είχον
1050 2375 1136 2465 ῦλην

82 2476 85 2487 ’
117 2487 366 2576 διαχρήσασθαι
393 2484 455 2574 τὴν
482 2486 605 2573 πόλιν,
632 2486 688 2554 καὶ
715 2485 753 2553 τὸ
781 2483 826 2573 μὴ
848 2490 917 2554 πᾶν
941 2488 975 2568 ἐξ
1004 2483 1136 2572 ἐφόδου

75 2640 81 2657 ι
114 2599 375 2682 καταληφθῆναι
404 2592 441 2663 τὸ
470 2593 555 2662 ἀστυ
585 2597 684 2662 τοῦτο
712 2591 749 2661 τὸ
777 2591 956 2681 μηχάνημα
987 2588 1135 2680 ἐξευρῶν

68 2660 80 2815 χι
116 2706 254 2780 Αίνείας
277 2703 400 2786 ἐπέσχε.
430 2699 594 2787 λογισμὸν
615 2699 653 2767 δὲ
670 2697 730 2767 τὸν
749 2697 862 2767 εἰκότα
882 2700 1040 2786 περὶτοῦ
1060 2699 1135 2786 μέλ-

114 2814 235 2885 λοντος
264 2805 466 2893 λαμβάνων,
497 2802 541 2884 ῶς
571 2804 746 2893 ἀμήχανον
779 2815 829 2893 είη
860 2810 996 2894 πρᾶγμα
1026 2808 1136 2872 σῶσαι

79 2912 229 2998 ειπόλιν,
251 2904 291 2999 ἦς
313 2910 353 2981 τδι
376 2917 478 2979 πλείω
501 2910 566 2998 ἤδη
591 2915 772 3000 ἐκρατεῖτο,
796 2917 843 2993 είς
865 2916 952 2981 νοῦν
976 2910 1135 2998 βάλλεται

114 3023 176 3090 τοῦ
199 3018 261 3107 μὲν
284 3024 414 3104 τείχους
443 3016 570 3105 ἐρήμου
593 3023 833 3106 παραχωρῆσαι
856 3033 927 3099 τοῖς
948 3023 1133 3106 πολεμίοις,

189 3173 280 3233 1ῦπὸ
304 3179 327 3233 Β
418 3184 434 3232 2
459 3179 557 3247 δορίου
576 3180 602 3233 Α
631 3179 636 3247 l
667 3173 824 3246 δεδήλωται
842 3179 887 3233 Ba
915 3175 957 3267 χῤ.
981 3180 1136 3248 πεποίηται

115 3253 197 3322 Bmg
286 3249 355 3321 θτῇ
378 3266 431 3304 om.
451 3251 473 3304 Β
565 3256 581 3305 8
606 3247 705 3303 ίλιεῦσι
729 3249 775 3304 Ba
873 3256 889 3304 9
913 3251 1072 3320 οφρυνείου
1090 3250 1137 3304 Ba

153 3327 186 3378 15
206 3316 341 3376 ἐνόθαΒ
411 3327 443 3376 17
464 3316 520 3375 ἀπὸ
541 3338 564 3376 ο.
583 3320 688 3375 Reiske
761 3327 794 3375 18
814 3316 1014 3395 ἀνελάμβανον
1032 3319 1077 3375 Pss
1116 3321 1136 3373 k

116 3388 208 3449 άπελά
232 3396 319 3466 βανον
337 3392 390 3446 ΑΒ
470 3398 503 3446 19
532 3389 776 3459 καταλειφθέντος
803 3393 850 3447 Ba
874 3395 877 3461 Ι
904 3393 1066 3462 διαφεῦγον
1117 3411 1137 3446 οι

152 3472 186 3520 25
207 3415 376 3534 ἀνεκράτητο
396 3482 419 3519 ο.
441 3463 528 3519 Cobet
548 3464 614 3518 Obs.
634 3481 662 3532 p.
682 3468 716 3517 30
789 3469 823 3518 26
842 3463 994 3533 πολεμίους
1012 3466 1038 3518 A
