2454 3916
131 209 195 276 180
550 210 713 264 -Β-

128 369 213 439 ἄλλα
240 375 392 439 τοιαῦτα·
424 367 499 438 οὐδ’
524 365 568 438 ῦν
597 373 667 438 λύοι
693 397 744 450 τις
769 369 848 458 παρ’
874 370 1002 460 αὐτοῖς,
1031 379 1141 443 καίτοι

129 478 391 564 διεφθαρμένων
421 474 488 565 ήδη
521 479 590 546 τῶν
622 478 729 562 ἐθῶν,
758 475 800 544 ού
827 477 1068 568 θεοφορήσεις,
1099 479 1140 549 ού
1202 535 1210 544 .

126 581 456 670 κορυβαντιασμούς,
494 580 555 651 ούκ
590 580 778 672 άγυρμούς,
816 582 858 652 ού
893 590 1049 673 βακχείας
1083 588 1140 655 καὶ

126 687 257 770 τελετὰς
285 688 513 779 ἀπορρήτους,
545 687 586 758 ού
619 688 931 778 διαπαννυχισμοὺς
966 694 1004 761 ἐν
1036 695 1141 780 ἱεροῖς

99 796 264 886 εάνὸρῶν
296 796 361 866 σύν
393 798 564 884 γυναιξίν,
598 794 659 866 οῦκ
690 795 774 866 άλλο
801 801 869 867 τῶν
895 804 1139 887 παραπλησίων

125 903 257 985 τούτοις
287 903 540 992 τερατευμάτων
573 901 690 990 οὐδέν,
718 901 792 972 ἄλλ’
822 903 972 991 εὐλαβῶς
1003 903 1190 975 ἅπαντανισ

125 1010 335 1100 πραττόμενά
358 1013 471 1080 τεκαὶ
500 1010 666 1099 λεγόμενα
688 1009 729 1081 τὰ
747 1013 828 1099 περὶ
848 1010 928 1093 τοῦς
949 1012 1071 1099 θεούς,
1094 1009 1139 1092 ῶς

86 1119 107 1184 3
126 1116 202 1186 ούτε
225 1114 304 1203 παρ’
320 1115 481 1205 Ἕλλησιν
505 1115 583 1186 οῦτε
604 1115 694 1206 παρὰ
712 1117 910 1208 βαρβάροις·
932 1120 989 1188 καὶ
1013 1114 1031 1187 ὃ
1054 1118 1138 1187 πάν-

124 1251 193 1293 των
216 1223 358 1311 μάλιστα
381 1228 484 1311 ἐγωγε
506 1222 717 1311 τεθαύμακα,
743 1229 862 1313 καίπερ
890 1230 1022 1315 μυρίων
1046 1222 1137 1293 ὅσων

85 1359 111 1398 ιο
125 1335 173 1411 είς
194 1329 257 1417 τήν
279 1330 380 1400 πόλιν
403 1329 620 1418 ἐληλυθότων
644 1333 776 1418 ἐθνῶν,
804 1326 855 1412 οἷς
876 1331 983 1419 πολλή
1006 1330 1136 1418 ἀνάγκη

125 1440 236 1524 σέβειν
267 1435 345 1518 τούς
375 1442 536 1525 πατρίους
566 1435 671 1517 θεοὺς
702 1451 772 1518 τοῖς
800 1446 939 1507 οἴκοθεν
968 1444 1138 1526 νομίμοις,

124 1541 265 1624 οὐδενὸς
287 1549 335 1624 είς
358 1547 458 1631 ζῆλον
481 1542 627 1631 ἐλήλυθε
655 1547 723 1612 τῶν
751 1546 890 1626 ξενικῶν
918 1545 1136 1632 ἐπιτηδευμά-

122 1677 191 1720 των
214 1648 354 1737 ἡπόλις
377 1654 534 1740 δημοσία,
556 1646 576 1718 ὃ
598 1657 738 1730 πολλαῖς
759 1649 825 1737 ήδη
850 1653 975 1738 συνέβη
999 1661 1135 1738 παθεῖν,

122 1755 207 1825 ἀλλὰ
233 1758 289 1825 καλ
316 1765 351 1825 εί
373 1784 451 1825 τινα
481 1755 564 1825 κατὰ
590 1755 761 1846 χρησμοὺς
787 1756 1021 1844 ἐπεισηγάγετο
1051 1758 1135 1846 ἱερά,

83 1889 109 1931 ω
122 1878 193 1943 τοῖς
220 1863 340 1949 ἑαυτῆς
371 1860 455 1930 αὐτὰ
486 1866 565 1952 τιμᾷ
597 1867 752 1950 νομίμοις
783 1860 917 1931 ἅπασαν
947 1865 1135 1949 ἐκβαλοῦσα
1167 1918 1169 1923 ,

121 1973 300 2056 τερθρείαν
324 1969 491 2056 μυθικήν,
519 1967 629 2056 ῶσπερ
658 1967 699 2038 τά
720 1973 780 2056 τής
799 1967 922 2049 Ἰδαίας
943 1973 1029 2049 θεάς
1052 1968 1134 2059 ίερά.

81 2078 246 2154 4θυσίας
269 2073 330 2162 μὲν
358 2072 422 2161 γάρ
450 2072 533 2164 αύτή
561 2075 618 2142 καλ
641 2072 778 2162 άγῶυας
800 2073 949 2161 άγουσιν
973 2073 1043 2143 άνά
1065 2080 1133 2145 πῦν

122 2187 195 2262 ἔτος
214 2184 249 2250 οί
265 2180 444 2267 στρατηγοὶ
461 2178 544 2249 κατὰ
561 2166 641 2259 τοῦς
653 2177 826 2267 Ῥωμαίων
847 2180 985 2268 νόμους,
1005 2183 1134 2270 ίερῦται

64 2310 68 2317 ·
121 2288 160 2356 δὲ
182 2287 284 2375 αύτής
298 2285 392 2374 ’άνήρ
415 2284 507 2375 Φρύξ
528 2287 585 2355 καλ
607 2283 694 2373 γυνή
721 2293 853 2375 Φρυγία
875 2288 931 2355 καὶ
952 2287 1133 2375 περιάγου-

79 2424 106 2464 ιο
120 2413 176 2464 σιν
208 2393 274 2463 άνύι
303 2391 365 2481 τήν
397 2392 499 2463 πόλιν
536 2387 630 2461 οὗτοι
662 2379 986 2482 μητραγυρτοῦντες,
1015 2393 1199 2484 ῶσπερνιὸ

120 2500 234 2582 αύτοῖς
256 2505 347 2587 ἔθος,
369 2499 496 2581 τύπους
517 2526 552 2570 τε
574 2504 801 2588 περικείμενοι
822 2514 893 2580 τοῖς
916 2500 1057 2588 στήθεσι
1075 2503 1133 2570 καὶ

118 2607 384 2695 καταυλούμενοι
411 2606 495 2696 πρὸς
521 2611 589 2675 τῶν
617 2607 789 2694 ἑπομένων
816 2604 856 2675 τὰ
885 2611 1020 2698 μητρῷα
1047 2610 1131 2696 μέλη

79 2716 175 2783 final
195 2713 352 2801 τύμπανα
369 2717 580 2801 κροτοῦντες·
599 2711 772 2800 Ῥωμαίων
792 2713 829 2782 δέ
846 2716 915 2781 τῶν
933 2709 1131 2800 αὐθιγενῶν

120 2819 196 2889 οῦτε
219 2825 461 2908 μητραγυρτῶν
483 2847 533 2900 τις
556 2818 634 2890 ούτε
655 2819 926 2908 καταυλούμενος
952 2818 1131 2910 πορεύεται

78 2955 104 2997 ιε
119 2923 176 2994 διὰ
197 2929 256 3012 τής
277 2925 406 3006 πύλεως
426 2932 582 3013 ποικίλην
605 2924 793 3006 ἐνδεδυκὼς
820 2923 943 3013 στολήν
968 2925 1045 2996 οῦτε
1073 2925 1130 3013 ὀρ-

117 3031 222 3119 γιάζει
243 3030 305 3119 τήν
322 3029 408 3101 θεὸν
430 3045 501 3113 τοῖς
522 3039 684 3120 Φρυγίοις
702 3031 899 3130 ὀργιασμοῖς
915 3031 999 3102 κατὰ
1017 3032 1128 3121 νόμον

187 3269 204 3320 2
222 3264 280 3320 τῶν
296 3259 378 3320 ἐθῶν
395 3258 490 3333 ήδηΔ
544 3271 560 3319 3
579 3260 818 3334 κορυβαντισμούς
831 3264 857 3318 Α
874 3250 1128 3334 κορνβιαντῗσμούς

115 3330 361 3407 ΒΙάγυρμοῦςΒ
387 3330 528 3423 ἀγυρμούς
546 3337 572 3391 R
647 3330 821 3392 6*άλλάο
900 3341 934 3389 10
954 3331 1032 3389 ἐθῶν
1051 3337 1128 3390 ABa

118 3410 151 3461 16
171 3401 330 3490 ἐκβαλοῦσα
348 3406 372 3460 Β
391 3401 608 3478 ἐκβαλλούσαῑῖ
685 3411 718 3461 19
737 3403 835 3468 αὐτοῖς
860 3405 892 3476 (0
899 3407 962 3475 mg)
980 3406 1027 3461 vel
1052 3401 1125 3479 αύτή

104 3490 140 3533 ὀ.
158 3476 260 3534 Βοιελιε
332 3483 367 3533 25
386 3473 527 3548 ὀργιάζειν
547 3479 579 3549 0,
598 3494 667 3534 corr.
685 3477 841 3533 Ambrosch
1034 3506 1036 3512 ι
