2454 3916
526 233 693 287 -A-
1075 230 1118 297 85

99 398 157 465 καί
181 398 374 464 διετέλεσαν
387 392 532 481 Ἔλυμοι
555 395 767 482 καλούμενοι.
803 407 936 480 προεῖχε
953 389 1018 480 γάρ
1036 390 1119 461 κατὰ

98 501 163 591 τήν
190 500 331 583 ἀξίωσιν
353 499 502 588 Ἔλυμος
528 499 678 569 ἀπὸτοῦ
705 505 882 587 βασιλικοῦ
909 502 1031 586 γένους
1058 496 1118 585 ῶν,

100 606 166 696 ἀφ’
193 600 235 677 οὗ
257 606 320 695 τήν
343 612 464 695 κλῆσιν
488 608 524 676 οἰ
545 606 734 694 σύμπαντες
757 611 891 693 ἔλαβον.
937 610 972 674 οί
993 606 1031 674 δέ
1054 599 1157 675 σύνῖ

49 745 52 749 ’
98 720 147 809 τῷ
171 721 292 806 Αἰνείῳ
319 717 477 795 πλέοντες
503 712 568 782 ἀπὸ
596 719 753 794 Σικελίας
780 711 838 781 ἃιά
865 717 927 782 τοῦ
954 719 1119 802 Τυρρηνι-

98 827 165 892 κοῦ
200 821 368 909 πελάγονς
403 825 538 909 πρῶτον
575 822 637 908 μέν
671 817 860 908 ῶρμίσαντο
892 823 952 907 τής
980 819 1146 900 Ἰταλίαςι

98 927 185 998 κατά
208 931 329 1017 λιμένα
350 927 413 998 τόν
427 933 659 1016 Παλίνουρον,
683 924 721 1008 ὃς
734 926 789 1016 ἀφ’
807 926 883 1007 ἑνός
895 931 964 995 τῶν
978 931 1119 995 Αἰνείου

40 1058 99 1108 135
108 1039 326 1124 κυβερνητῶν
366 1034 627 1122 τελευτήσαντος
672 1033 796 1104 αύτόθι
840 1034 963 1121 ταύτης
1005 1046 1118 1120 τυχεῖν

100 1144 234 1230 λέγεται
264 1145 324 1231 τής
356 1140 547 1230 ὀνομασίας.
594 1148 706 1211 ἔπειτα
734 1140 828 1235 νήσῳ
857 1144 1066 1231 προσέσχον,
1097 1130 1119 1229 ᾖ

98 1248 253 1337 τούνομα
290 1254 409 1318 ἔθεντο
448 1253 640 1318 Λευκασίαν
681 1247 745 1318 ἀπὸ
783 1248 943 1336 γυναικός
979 1247 1119 1329 ἀνεψιᾶς

99 1360 246 1425 Αἰνείου
267 1356 344 1443 περὶ
366 1355 468 1425 τόνύε
489 1355 551 1425 τὸν
573 1356 680 1426 τόπον
702 1354 954 1443 ἀποθανούσης.
986 1358 1118 1424 ἐκεῖθεν

101 1463 142 1532 δὲ
164 1462 369 1551 κατάραντες
382 1468 431 1543 εἰς
448 1466 567 1551 λιμένα
581 1461 696 1550 βαθύν
709 1464 765 1531 καί
779 1461 884 1531 καλόν
908 1466 946 1532 ἐν
966 1461 1119 1548 Ὀπικοῖς,

101 1569 366 1657 τελευτήσαντος
399 1573 456 1639 καί
493 1569 617 1640 αύτόθι
649 1574 812 1655 Μισηνοῦ
844 1573 912 1638 τῶν
944 1571 1119 1655 ἐπιφανῶν

101 1704 217 1764 τινος,
249 1674 306 1745 ἀπ’
337 1679 469 1746 ἐκείνου
496 1675 557 1746 τὸν
589 1680 709 1764 λιμένα
738 1675 935 1764 ὠνόμασαν,
963 1675 1056 1767 νήσῳ
1083 1701 1119 1744 τε

100 1783 265 1874 Προχύτῃ
288 1785 344 1852 καὶ
372 1782 568 1875 ἀκρωτηρίῳ
592 1784 724 1872 Καιήτῃ
747 1783 830 1872 τύχη
852 1782 1119 1873 προσορμισάμε-

100 1918 158 1960 νοι
187 1889 272 1960 κατά
295 1887 398 1959 ταύτά
420 1897 574 1959 τίθενται
596 1888 654 1971 τάς
684 1890 872 1979 ἐπικλήσεις
900 1905 971 1970 τοῖς
992 1889 1118 1976 τόποις,
1133 1911 1158 1953 ιε

99 2001 275 2085 γυναικῶν
303 1995 557 2066 ἀποθανουσῶν
581 1996 785 2084 βουλόμενοι
815 2012 960 2086 μνημεῖα
982 2000 1119 2083 ποιήσαι

98 2104 142 2174 τά
164 2109 281 2194 χωρία.
325 2102 456 2172 τούτων
485 2103 523 2171 δέ
546 2100 566 2191 ή
591 2103 653 2191 μὲν
678 2101 843 2191 συγγενής
865 2109 1007 2172 Αἰνείου
1029 2105 1119 2190 λέγε-

42 2226 160 2281 136ται
181 2211 355 2298 γενέσθαι,
378 2207 399 2298 ἡ
424 2210 462 2278 δέ
474 2209 611 2298 τροφός.
637 2213 855 2289 τελευτῶντες
878 2208 916 2277 δὲ
935 2207 1119 2297 ἀφικνοῦν-

97 2347 154 2389 ται
176 2322 237 2407 τῆς
257 2316 398 2396 Ἰταλίας
419 2321 467 2396 εἰς
482 2317 675 2406 Λωρεντόν,
699 2323 786 2387 ἔνθα
802 2321 863 2404 τής
884 2316 1014 2402 πλάνης
1035 2339 1119 2384 παυ-

98 2426 243 2514 σάμενοι
273 2422 401 2511 χάρακα
433 2429 572 2511 ἔθεντο,
602 2424 658 2492 καί
687 2421 725 2492 τό
753 2428 880 2512 χωρίον
917 2425 954 2491 έν
989 2413 1016 2514 ᾧ
1043 2448 1118 2490 κατ-
1132 2438 1168 2485 ω’

99 2529 450 2622 εστρατοπεύεύσαντο
475 2531 508 2612 έξ
531 2531 664 2598 ἐκείνου
690 2535 794 2616 Τροία
820 2536 983 2614 καλεῖται,
1006 2527 1132 2616 ἀπέχει·

99 2636 139 2707 δὲ
161 2639 222 2723 τής
244 2633 413 2722 θαλάττης
436 2633 522 2722 ἀμφὶ
544 2632 625 2715 τούς
646 2636 803 2724 τέτταρας
825 2639 993 2716 σταδίους.
1222 2628 1223 2631 “

156 2741 315 2832 Ἔργαψα
339 2741 377 2809 δέ
399 2744 503 2810 ταῦτα
525 2741 580 2810 καί
594 2738 657 2828 τήν
679 2742 885 2830 παρέκβασιν
909 2741 1154 2830 ἰποιησάμην4

97 2853 160 2922 τού
190 2848 378 2936 ἀναγκαίου
405 2847 523 2937 χάριν,
554 2846 668 2935 ἐπειδὴ
692 2850 804 2935 <τῶν>
832 2853 1057 2938 συγγραφέων
1086 2854 1121 2919 οἰ

1137 1326 1157 1390 3

1132 1415 1159 1454 10

173 3017 187 3066 1
207 3013 340 3079 προεῖχεν
359 3009 480 3080 Sylburg
497 3003 627 3080 πρόσθεν
644 3009 670 3063 R
691 3003 802 3078 πρόσθε
821 3009 844 3062 Β
862 3004 991 3078 πρόσθεν
1009 3004 1064 3079 γάρ
1082 3001 1118 3077 ἦν

98 3101 122 3139 ο.
152 3082 256 3137 Portus
288 3079 459 3152 προε[τεἾθη
496 3098 519 3136 ο.
547 3080 689 3149 Kiessling
787 3086 802 3134 6
835 3075 909 3133 κατά
936 3075 986 3135 τὸν
1018 3080 1118 3150 λιμένα

97 3155 281 3222 Παλίνουρον
303 3154 329 3207 Α
415 3160 431 3207 9
456 3154 621 3207 Λευκασίαν
641 3168 663 3208 ο.
684 3150 837 3206 Salmasius
854 3151 950 3206 Exere.
973 3150 1046 3206 Plin.
1069 3154 1116 3205 12

97 3242 126 3296 p.
145 3228 181 3280 49
256 3229 289 3279 11
308 3218 409 3294 καλὸν]
429 3218 562 3278 κακόνΒ
636 3229 669 3277 14
687 3222 812 3292 προχητή
832 3224 857 3276 Α
887 3223 891 3293 Ι
916 3219 1028 3292 Καιήτῃ
1046 3218 1117 3293 τύχῃ

98 3297 291 3366 casaubonus,
311 3294 469 3381 Stephpqus
488 3294 587 3350 Sched.
607 3295 634 3348 H
656 3301 672 3348 3
703 3293 753 3348 καί
772 3288 819 3348 ἐπὶ
841 3288 912 3380 τύχη
929 3294 965 3346 Β·
984 3292 1033 3347 καί
1051 3287 1116 3375 ,ἐπι-

98 3374 184 3438 ταχεῖ
196 3368 222 3421 A
295 3370 328 3420 15
352 3384 443 3420 ταντα
467 3364 589 3436 Sylburg
620 3384 711 3419 ταυτα
735 3362 757 3418 0
789 3364 839 3419 καί
856 3383 961 3425 ταυτας
980 3380 1003 3418 ο.
1022 3363 1116 3417 Kless-

99 3438 174 3564 lin2g4
215 3445 269 3522 *16
302 3432 452 3564 ῃλόχιὲνοιις
456 3437 481 3491 Α
545 3430 780 3562 κέθαλάσσηςΒ
844 3441 878 3489 23
892 3429 1117 3504 παρόβασινΒα

190 3528 248 3563 των
325 3549 331 3563 .
392 3524 431 3576 ug
453 3549 460 3576 ‚
479 3523 534 3562 om.
