2454 3916
120 216 163 280 80
545 216 710 270 -A-

119 376 296 460 συγγενίς·
329 372 500 464 Δαρδάνῳ
523 370 587 462 γάρ
618 378 663 466 τῷ
689 371 775 454 Διὸς
796 375 852 442 καὶ
873 371 1050 461 Ἠλέκτρας
1071 380 1174 463 τήςιχ.

115 478 328 560 Ἀτλαντίδος
356 479 418 548 δύο
446 485 606 568 γενέσθαι
634 482 739 568 φασὶν
767 483 803 549 ἐκ
830 485 970 560 Βατείας
1001 485 1138 570 παῖδας,

122 586 306 655 Ζάκυνθόν
338 613 373 655 τε
405 589 461 655 καὶ
490 585 727 674 Ἐριχθόνιον,
766 579 814 656 ὧν
847 584 864 655 δ
898 585 960 674 μὲν
993 592 1139 658 Αἰνείου

119 693 288 784 πρόγονος
310 685 364 780 ἦν,
380 693 560 773 Ζάκυνθος
579 693 617 760 δὲ
639 696 699 781 τής
712 694 821 782 νήσου
842 698 989 779 κτίστης-’
1012 695 1138 783 ταύτης

91 821 154 872 οτε
187 799 229 888 δή
261 804 321 886 τής
353 805 548 887 συγγενείας
584 798 770 887 ἀναμνήσει
805 802 861 869 καὶ
894 802 1138 892 φιλοφροσύνῃ

117 913 186 977 τῶν
215 910 402 996 ἐπιχωρίων
432 912 660 997 διατρίβοντες
688 906 810 976 αὐτόθι
838 909 893 976 καὶ
916 906 984 995 ἅμα
1013 907 1139 1001 ἀπλοίᾳ

117 1014 371 1102 κατειργόμενοι
412 1013 561 1083 θύουσιν
600 1013 780 1104 Ἀφροδίτῃ
821 1013 905 1103 πρὸς
949 1019 996 1106 τῷ
1037 1043 1138 1086 κατα-

119 1123 342 1190 σκευασθέντι
371 1125 448 1214 ίερῷ
476 1128 620 1207 θυσίαν,
647 1118 692 1209 ἣν
720 1126 767 1202 εἰς
794 1122 871 1191 τόδε
899 1122 1027 1211 χρόνον
1055 1143 1138 1192 συν-

78 1266 104 1306 10
118 1231 253 1298 τελοῦσι
280 1232 378 1316 κοινή
412 1227 615 1313 Ζακύνθιοι,
642 1228 697 1296 καί
726 1226 841 1314 ἀγῶνα
868 1233 1026 1296 ποιοῦσιν
1055 1229 1138 1318 ἐφή*

118 1343 194 1424 βοις
215 1338 283 1403 τῶν
306 1361 341 1402 τε
364 1333 476 1402 ἀλλων
499 1333 744 1421 ἀγωνισμάτων
773 1335 829 1402 καὶ
853 1333 1001 1422 δρόμου·
1032 1335 1073 1405 τὸ
1099 1337 1136 1406 δὲ

117 1441 318 1529 νικητήριον
347 1439 364 1509 ὁ
388 1446 518 1530 πρῶτος
540 1439 653 1509 ε’λθιδν
682 1446 729 1520 εἰς
751 1439 811 1509 τόν
840 1439 927 1509 νεὼν
952 1443 1135 1530 λαμβάνει·

119 1552 250 1635 λέγεται
284 1548 321 1616 δὲ
353 1553 495 1616 Αἰνείου
529 1550 585 1616 καὶ
614 1546 813 1634 Ἀφροδίτης
846 1545 863 1615 ό
897 1547 1042 1635 δρόμος,
1080 1552 1136 1619 καὶ

77 1655 228 1738 4ξόανα
250 1653 379 1722 τούτων
405 1657 540 1741 ἕστηκεν
563 1652 773 1742 ἀμφοτέρων.
819 1656 951 1722 ἐκεῖθεν
975 1654 1014 1723 δὲ
1035 1657 1135 1725 πελά-

78 1796 104 1838 ιι
117 1789 198 1850 γιον
221 1759 442 1847 ποιησάμενοι
465 1758 525 1828 τὸν
549 1764 656 1827 πλοῦν
680 1765 728 1839 εἰς
743 1759 899 1827 Λευκάδα
920 1761 1136 1849 κατάγονται,

116 1866 329 1954 κατεχόντων
363 1871 410 1934 ἔτι
442 1865 479 1935 τό
512 1872 638 1954 χωρίον
667 1864 892 1955 Ἀκαρνάνων.
937 1865 1001 1935 κάν
1029 1869 1135 1958 ταύτη

116 1973 219 2043 πάλιν
244 1971 337 2062 ίερόν
349 1970 547 2060 Ἀφροδίτης
575 1972 751 2059 ἱδρύονται
774 1976 886 2058 τοῦτο,
910 1969 928 2040 δ
952 1977 1018 2041 νῦν
1042 1977 1135 2044 ἐστιν

117 2083 155 2149 ἐν
187 2083 227 2168 τῇ
256 2081 371 2165 νησῖδι
401 2082 441 2168 τῇ
469 2077 590 2165 μεταξύ
621 2083 683 2147 τοῦ
707 2078 900 2167 Διορύκτου
927 2106 962 2148 τε
989 2081 1046 2148 καὶ
1076 2086 1135 2169 τῆς

116 2184 262 2269 πόλεως,
291 2191 438 2253 καλεῖται
470 2185 507 2253 δὲ
531 2183 731 2273 Ἀφροδίτης
753 2185 943 2266 Αἰνειάδος.
988 2185 1174 2274 ἀραντεςΙῒ

76 2327 103 2368 ιο
119 2293 156 2361 δὲ
187 2289 334 2361 αύτόθεν
365 2295 422 2360 ἐπί
447 2318 482 2360 τε
501 2290 637 2360 Ἀκτιον
668 2292 827 2372 ἐλθόντες
857 2291 1051 2380 ὁρμίζονται
1073 2300 1134 2364 τοῦ

113 2399 336 2489 Ἀμβρακικοῦ
368 2397 496 2466 κόλπου
528 2397 611 2487 πρός
642 2396 680 2466 τό
709 2397 946 2487 ἀκρωτήριον..
972 2398 1134 2471 κάκεῖθεν

117 2514 164 2589 εἰς
185 2505 388 2595 Ἀμβρακίαν
411 2502 636 2592 ἀφικνοῦνται
654 2505 766 2590 πόλιν,
789 2496 831 2592 ἦς
853 2506 1135 2596 ἐβασίλευενἈμ

116 2615 201 2703 βραξ
234 2609 251 2678 ὁ
286 2615 482 2698 Δεξαμενοῦ
513 2615 575 2680 τοῦ
602 2610 820 2701 Ἡρακλέους,
851 2613 907 2679 καὶ
933 2609 1134 2683 ὑπολείπον-

115 2746 170 2788 ται
200 2719 383 2806 ἑκατέρωθι
412 2732 556 2805 μνημεῖα
582 2722 640 2846 τής
668 2716 828 2806 ἀφίξεως·
862 2720 899 2786 ἰν
923 2716 1039 2811 Ἀκτίῳ
1070 2721 1133 2810 μὲν

76 2856 104 2898 τι
113 2823 408 2997 ἈφροδίτΈνΑἰὶ
382 2824 561 2904 νειάδοςί
559 2824 639 2910 ερδν
661 2825 717 2891 καὶ
744 2830 887 2911 πλησίον
911 2823 1016 2894 αύτοῦ
1038 2832 1132 2896 θεων

117 2930 284 3021 μεγάλων,
307 2958 329 2998 α
352 2932 447 2999 καλε
431 2923 600 3066 εἰςίμδ
581 2954 642 3017 ην·
666 2931 757 2999 ε’νδδ
776 2929 995 3033 Ἀμβρακίριί
994 2933 1075 3021 ερόν
1098 2960 1169 3004 τε-

116 3043 175 3126 τής
199 3035 301 3123 αὐτῆς
327 3041 414 3105 θεοῦ
436 3039 491 3105 καὶ
518 3036 631 3127 ἡρῶον
655 3042 796 3105 Αἰνείου
823 3044 967 3125 πλησίον
994 3043 1056 3108 τοῦ
1080 3067 1131 3128 μι-

116 3148 201 3235 κροῦ
223 3142 423 3233 θεάτρου,’
407 3171 443 3212 εν
468 3172 493 3236 ῳ
481 3136 573 3212 καὶ
597 3143 720 3227 ξόανον
745 3142 865 3232 μικρὸν
888 3142 1052 3232 ἀρχαϊκὸν
1071 3151 1131 3215 Αἰ-

189 3345 253 3394 bu
273 3333 309 3408 δή
328 3340 385 3395 ΑΒ
378 3359 432 3428 γε
453 3336 530 3428 δηο.
549 3341 687 3395 Bficheler
761 3344 793 3393 18
812 3340 862 3394 τοῦ
882 3335 987 3408 μεταξύ
1008 3342 1033 3396 Α
1096 3348 1127 3397 21

116 3409 267 3540 ἔμπρέξΒ
280 3403 582 3554 272(ἐξκηοχχὀιίιέμχεινεν
601 3429 623 3468 ο.
643 3411 751 3531 Reiske'
800 3417 833 3466 27
853 3415 925 3480 πλησ
926 3411 1128 3468 ίον-αίνείου
