2454 3916
553 209 718 263 -B-

132 373 195 456 ἔφη
218 371 380 455 γενέσθαι
406 372 468 436 τού
493 366 579 450 Διὸς
605 369 661 437 καὶ
688 373 817 455 φοιτῶν
847 374 895 449 είς
916 369 954 438 τὸ
980 377 1151 438 Δικταῖον

131 475 225 565 ὅρος,
249 478 286 544 ἐν
310 466 338 568 ᾦ
360 479 536 563 τραφῆναι
548 474 609 545 τὸν
629 481 699 544 Δία
722 480 978 563 μυθολογοῦσιν
1002 480 1038 545 οί
1054 481 1152 565 Κρῆ-

130 611 184 665 τες
215 581 280 652 ὑπὸ
312 587 381 652 τῶν
410 582 600 671 Κουρήτων
637 581 781 670 νεογνὸν
814 581 911 670 ὄντα,
947 585 1150 671 κατέβαινεν

132 697 179 772 είς
201 690 239 760 τὸ
265 689 357 779 ἱερὸν
385 688 512 778 ἄντρον
539 688 697 769 καὶτοὺς
724 689 851 776 νόμους
878 692 947 758 ἐκεῖ
967 692 1205 772 σνντιθεὶςεῖῖ

92 825 105 865 5
133 798 300 886 ἐκόμιζεν,
334 793 394 877 οδς
425 795 589 885 ἀπέφαιυε
620 793 710 885 παρὰ
741 800 802 865 τοῦ
830 795 916 877 Διὸς
947 795 1152 885 λαμβάνειν·

132 903 150 974 ὁ
176 904 213 973 δὲ
237 909 435 992 Λυκοῦργος
462 907 510 983 είς
532 900 690 989 Δελφούς
717 902 967 993 ἀφικνούμενος
996 901 1062 974 ὑπὸ
1085 910 1152 974 τοῦ

93 1013 113 1076 3
130 1009 339 1090 ’Λπόλλωνος
363 1015 426 1097 ἔφη
447 1008 668 1077 διδάσκεσθαι
686 1007 749 1096 τήν
766 1016 986 1097 νομοθεσίαν.
1025 1009 1064 1080 τὸ
1084 1011 1151 1099 μὲν

134 1109 197 1186 οὖν
220 1115 518 1204 ἀκριβολογεῖσθαι
540 1116 616 1204 περὶ
638 1119 706 1183 τῶν
733 1120 890 1203 μυθικῶν
913 1116 1151 1206 ἱστορημάτων

131 1225 188 1292 καὶ
220 1223 361 1310 μάλιστα
397 1226 465 1291 τῶν
498 1227 546 1302 είς
576 1202 680 1302 θεούς
712 1220 976 1312 ἀναφερομένων
1008 1229 1151 1312 μακρῶν

93 1358 119 1398 ιο
133 1333 245 1418 λόγων
265 1329 429 1418 δεόμενον
449 1327 540 1419 ὁρῶν
559 1328 657 1415 ἐάσω,
676 1326 697 1397 ἀ
719 1331 760 1398 δέ
775 1356 834 1417 μοι
853 1335 1014 1400 δοκοῦσιν
1031 1329 1151 1418 ἀγαθὰ

128 1436 285 1525 Ῥωμαῖοι
308 1443 423 1524 λαβεῖν
447 1439 484 1505 ἐκ
505 1440 564 1524 τῆς
582 1439 713 1506 ἐκείνου
735 1440 797 1505 τοῦ
819 1434 947 1522 ἀνδρὸς
968 1435 1083 1526 ἀρχῆς,
1102 1436 1153 1520 ῶς

133 1545 255 1614 ἐκτῶν
279 1547 465 1631 ἐπιχωρίων
485 1548 616 1630 ἔμαθον
640 1547 798 1631 ἱστοριῶν
819 1543 1048 1633 ἀφηγήσομαι,
1066 1570 1152 1634 προ-

133 1649 237 1720 ειπῶν
264 1654 301 1721 ἐν
331 1654 417 1731 οἵαις
444 1649 604 1737 ἐτύγχανε
635 1665 794 1738 ταραχαῖς
820 1649 860 1720 τὰ
885 1651 1063 1740 πράγματα
1088 1658 1153 1741 τῆς

133 1757 259 1837 πόλεως
288 1755 385 1843 ὄντα,
417 1756 498 1844 πρὶν
531 1758 661 1825 ἐκεῖνον
694 1758 747 1825 ἐπὶ
773 1755 836 1843 τήν
863 1763 1038 1844 βασιλείαν
1065 1786 1152 1850 παρ-

93 1889 119 1930 ιε
133 1873 257 1932 ελθεῖν.

221 1973 322 2038 LXII.
358 1967 455 2038 Μετά
490 1967 552 2056 τήν
580 1967 753 2058 Ῥωμύλου
787 1970 944 2058 τελευτήν
980 1970 1001 2059 ή
1039 1973 1152 2064 βουλή

132 2078 200 2146 τῶν
229 2081 356 2146 κοινῶν
387 2078 553 2164 γενομένη
584 2084 684 2163 κυρία
715 2079 771 2146 καὶ
802 2077 929 2167 χρόνον
962 2081 1153 2169 ἐνιαύσιον,

134 2182 244 2270 ῶσπερ
277 2189 378 2272 ἔφην,
410 2188 622 2272 κατασχοῦσα
652 2181 714 2271 τὴν
752 2189 954 2255 δυναστείαν
993 2190 1153 2276 διαφέρε-

133 2301 216 2360 σθαι
242 2293 299 2360 καὶ
328 2290 516 2373 στασιάζειν
544 2288 627 2378 αύτή
659 2288 743 2377 πρὸς
770 2290 893 2378 ἑαυτήν
920 2290 1042 2380 ήρξατο
1071 2298 1153 2384 περὶ

93 2423 120 2464 ιο
133 2403 194 2468 τοῦ
216 2398 372 2479 πλείονός
398 2426 433 2468 τε
459 2400 516 2467 καὶ
544 2408 630 2466 ῖσου.
676 2397 759 2467 ὅσον
788 2398 850 2484 μὲν
879 2396 945 2486 γὰρ
967 2399 1071 2488 αὐτῆς
1094 2406 1154 2490 με’-

134 2533 193 2595 ρος
217 2504 389 2593 Ἀλβανῶν
416 2497 460 2592 ήν
488 2501 553 2573 ἀπὸ
586 2508 654 2573 τῶν
687 2503 756 2593 ἀμα
777 2503 945 2598 ῬωμύλφἸ
963 2503 1025 2594 τήν
1053 2505 1153 2578 ἀποι-

132 2620 211 2682 κίαν
235 2612 453 2697 στειλάντων,
480 2610 616 2698 γνῶμης
643 2639 678 2681 τε
701 2610 817 2700 ἀρχειυ
844 2611 941 2699 ἠξίου
962 2615 1019 2682 καί
1041 2619 1154 2701 τιμῶν

133 2718 192 2799 τάς
219 2726 375 2806 μεγίστας
402 2717 588 2806 λαμβάνειν
609 2721 666 2787 καὶ
688 2719 940 2807 θεραπεύεσθαι
962 2719 1047 2806 πρὸς
1075 2726 1205 2803 τῶνςςη

95 2826 325 2914 ἳέπηλύδωυ·
359 2829 394 2894 οί
415 2823 446 2893 δ’
471 2824 615 2912 ὕστερον
643 2831 691 2906 είς
716 2825 799 2906 τοὺς
825 2832 1021 2915 πατρικίους
1050 2855 1152 2898 κατοι-

94 2964 121 3008 2⁵
135 2935 320 3022 γραφέντες
342 2935 378 3001 ἐκ
400 2937 468 3002 τῶν
492 2936 635 3004 ἐποίκων
659 2930 819 3020 οὐδεμιᾶς
840 2932 948 3026 ᾤοντο
973 2937 1048 3003 δεῖν
1071 2934 1150 3006 ἀπε-

134 3039 323 3110 λαύνεσθαι
353 3043 449 3128 τιμῆς
482 3038 562 3109 οὐδὲ
589 3044 792 3129 μειονεκτεῖν
819 3044 888 3110 τῶν
917 3041 1058 3128 ἑτέρων,
1087 3043 1150 3131 μά-

133 3157 230 3217 λιστα
258 3145 290 3215 δ’
317 3144 392 3216 ὅσοι
418 3151 479 3216 τού
502 3152 664 3233 Σαβίνων
693 3147 877 3235 ἐτύγχανον
906 3146 1000 3228 ὄντες
1027 3151 1150 3235 γε’νους
1179 3172 1187 3187 ’

133 3255 190 3323 καὶ
212 3250 295 3323 κατὰ
317 3250 376 3334 τάς
398 3252 573 3340 συνθήκας
599 3250 658 3335 τάς
684 3256 867 3341 γενομένας
884 3252 1041 3346 Ῥωμύλῳ
1065 3254 1149 3343 πρὸς

206 3420 222 3469 5
242 3411 404 3485 ἐξεκόμιζεν
423 3431 446 3468 ο.
465 3414 603 3468 Biicheler
682 3419 716 3470 28
734 3415 784 3469 καὶ
802 3415 857 3472 del.
877 3415 1000 3470 Schenkl
1018 3416 1149 3473 Bursiani

134 3487 270 3542 librorum
288 3503 351 3541 ann.
371 3485 488 3541 breviar.
507 3503 534 3554 p.
553 3491 588 3540 46
