2438 3908
556 230 723 282 -Α-

128 386 257 457 ἀλωσιν
286 385 353 458 ῦπὸ
383 386 446 476 τὴν
477 384 710 478 μετοπωρινὴν
742 392 919 477 ἰσημερίαν
941 385 1086 476 ἀραντες
1116 390 1153 457 οἰ

133 498 244 582 Τρώες
266 496 303 563 ἐκ
324 499 383 582 τῆς
405 499 467 582 γῆς
493 498 712 585 περαιοῦνται
734 491 795 563 τὸν
814 490 1064 582 Ἑλλήσποντον
1092 494 1149 563 καί

129 604 351 691 καταχθέντες
380 607 429 683 εἰς
457 601 520 690 τὴν
534 600 680 693 Θρᾴκην
710 599 815 670 αὐτοῦ
845 605 1058 690 διατρίβουσι
1085 599 1150 689 τὴν

130 707 323 799 χειμερινὴν
356 707 449 797 ώραν
483 708 662 797 δεχόμενοί
683 734 720 777 τε
745 706 826 788 τοῦς
852 707 1091 788 ἐπισυνιόντας
1113 710 1149 776 ἐκ

103 820 188 903 ῡτῆς
206 820 317 904 φυγῆς
334 818 391 884 καί
409 813 738 904 παρασκευαζόμενοι
755 813 796 884 τὰ
817 818 864 895 εἰς
880 811 941 883 τὸν
961 811 1148 884 ἀπόπλουν.

129 924 165 991 ἐκ
185 921 223 991 δὲ
241 927 300 1011 της
314 923 446 1015 Θρηίκης
468 920 673 1003 ἀναστάντες
687 926 785 1010 ἔαρος
803 919 994 1012 ἀρχομένου
1011 925 1149 991 τελοῦσι

128 1027 190 1098 τὸν
218 1028 340 1117 μεταξὺ
365 1033 475 1099 πλοῦν
503 1028 582 1119 ἀχρι
604 1034 779 1110 Σικελίας·
812 1031 881 1097 ἐκεί
906 1025 944 1095 δέ
966 1023 1149 1116 δρμισαμέ-

128 1162 203 1264 νρις
233 1133 347 1215 αὐτοῖς
368 1133 406 1204 τὸ
437 1141 510 1216 ἐτος
539 1140 639 1205 τοῦτο
669 1139 822 1227 τελευτᾷ,
849 1135 905 1203 καί
933 1137 1148 1222 διατρίβουσι

128 1240 189 1311 τὸν
219 1241 378 1332 δεύτερον
406 1247 553 1331 χειμώνα
579 1240 638 1324 τὰς
664 1243 778 1324 πόλεις
806 1246 1053 1324 συνοικίζοντες
1079 1255 1147 1321 τοίς

88 1315 281 1444 ΞοΕλόμοις
308 1353 346 1419 ἐν
368 1356 516 1440 Σικελίᾳ.
552 1355 706 1478 πλοΐμων
730 1348 767 1417 δὲ
789 1346 1028 1437 νενομίνων”
1006 1374 1146 1436 αραντες

128 1455 194 1525 ἀπὸ
221 1462 280 1544 τῆς
311 1456 420 1544 νησου
451 1460 577 1546 περῶσι
605 1453 643 1524 τὸ
676 1453 888 1546 Τυρρηνικὸν
916 1456 1062 1542 πέλανος
1093 1455 1146 1523 καί
1215 1474 1217 1493 ²

128 1568 344 1644 τελευτῶντες
371 1569 419 1644 εἰς
442 1561 624 1652 Λωρεντὸν
654 1561 879 1651 ἀφικνοῦνται
901 1560 963 1631 τὸν
983 1561 1144 1652 Ἀβορινί

128 1697 201 1738 νων
224 1667 379 1757 αἰγιαλὸν
402 1669 570 1758 μεσούσης
591 1674 736 1759 θερείας.
774 1668 938 1757 λαβόντες
961 1668 999 1738 δὲ
1021 1666 1060 1737 τὸ
1084 1694 1142 1757 χω-

129 1781 206 1861 ρίον
230 1782 413 1859 οἰκίζουσιν
437 1779 474 1845 ἐν
498 1775 587 1869 αότρῦ
603 1782 793 1845 Λαουίνιον
815 1773 877 1846 τδν
897 1774 1059 1865 δεύτερον
1078 1771 1178 1843 ἀπδιοι

89 1908 115 1949 ω
128 1886 187 1969 τῆς
209 1879 365 1963 ἁλώσεως
392 1882 666 1970 ἐκπληρώσαντες
694 1881 862 1952 ἐνιαυτόν.
907 1882 963 1951 καί
985 1883 1063 1971 περί
1086 1880 1140 1969 μὲν

128 1987 258 2058 τοῦτων
283 1986 328 2069 ώς
351 1994 414 2076 ἔχω
440 1989 541 2077 δόξης
564 1990 754 2077 δεδήλωταί
773 2017 839 2078 μοι.

218 2116 353 2183 LXIIII.
392 2120 531 2196 Αἰνείας
559 2114 596 2183 δέ
623 2114 872 2195 κατασκευάσας
900 2116 1004 2202 ίεροίς
1030 2139 1067 2182 τε
1092 2110 1142 2182 καί

129 2234 200 2302 τοίς
227 2219 342 2303 ἀλλοις
369 2222 509 2311 κόσμοις
536 2220 760 2311 ἀποχρώντως
786 2219 849 2308 τὴν
876 2219 997 2306 πόλιν,
1031 2211 1080 2289 ὧν
1108 2215 1147 2288 ιά

129 2337 267 2399 πλείστα
300 2334 347 2398 ἐτι
380 2330 436 2397 καί
468 2333 516 2410 εἰς
548 2328 604 2417 ἐμὲ
635 2320 695 2416 ἦν,
722 2331 768 2420 τῷ
796 2326 859 2416 μὲν
888 2328 962 2413 ἑξῆς
994 2326 1155 2420 ἐνιαυτῷ,

91 2459 117 2499 ει
130 2442 231 2528 τρίτην
256 2434 294 2504 δέ
316 2433 382 2504 ἀπὸ
404 2439 464 2522 τῆς
487 2434 618 2521 ἐξόδου,
646 2432 771 2524 Τρώων
795 2436 989 2520 ἐβασίλευσε
1013 2433 1160 2522 μόνων·

129 2546 176 2633 τῷ
200 2541 238 2610 δὲ
264 2542 409 2633 τετάρτω
438 2541 698 2631 τελευτησαντος
721 2545 872 2608 Λατίνου
898 2541 955 2608 καί
981 2538 1045 2628 τὴν
1069 2536 1167 2610 ἐκεί,

130 2673 195 2715 νου
218 2653 392 2733 βασιλείαν
415 2647 671 2737 παραλαμβάνει
694 2650 752 2734 τῆς
765 2671 801 2714 τε
815 2649 951 2733 κηδείας
969 2647 1172 2735 οἰκειότητι

129 2754 189 2839 τ’ἦς
220 2752 303 2881 πρὸς
339 2751 444 2822 αῦτὸν
482 2754 664 2842 ἐπικλήρου
694 2757 754 2840 τῆς
791 2751 929 2833 Λαῦνας
964 2756 1174 2841 γενομένης

131 2856 212 2946 μετὰ
235 2856 296 2927 τὸν
318 2865 470 2928 Λατίνου
497 2858 652 2929 θάυατον
675 2861 730 2928 καὶ
753 2864 814 2928 τοῦ
842 2857 926 2948 πρὸς
947 2857 1027 2941 τοῦς
1049 2858 1173 2929 &ow

91 2945 284 3096 ξμείτονας
309 2967 460 3054 πολέμου
488 2970 547 3055 τῆς
577 2972 776 3056 στρατηγίας
806 2992 911 3035 ενεκα.
956 2964 1173 3055 ἀπέστησαν

131 3070 195 3162 γὰρ
224 3063 327 3152 αὖθις
353 3070 418 3141 ἀπὸ
446 3077 508 3141 τοῦ
537 3080 687 3143 Λατίνου
708 3072 858 3143 Ῥότολοι
886 3072 1047 3160 λαβόντες
1074 3071 1174 3162 ηγὸ

132 3178 222 3268 μόνα
256 3183 326 3247 τών
362 3176 561 3268 αὐτομόλων
598 3179 675 3249 τινά
707 3184 766 3268 τῆς
799 3184 950 3249 Λατίνου
986 3170 1176 3267 νυνιιικθς

207 3425 460 3486 1ῦπὸΒοω.Α
533 3435 567 3484 14
585 3430 759 3485 λαυίνιονΒ
832 3433 866 3483 20
884 3424 973 3497 μόνον
993 3429 1070 3485 ΑΒω
1097 3409 1187 3501 μῦ”

133 3521 190 3556 νων
209 3502 257 3557 Bb
333 3507 366 3557 23
386 3501 572 3564 λαονινίαςΒ
