2454 3916
533 205 697 258 ..Β-

110 361 286 444 εάπειθεῑς.
324 362 424 433 ὁπότε
447 363 512 454 γάρ
535 362 625 456 αὐτῷ
649 367 772 451 φανείη
798 363 957 451 στρατιάν
982 362 1124 450 ἐξάγειν,

111 469 187 540 οὔτε
210 470 403 559 χιλιάρχους
425 469 500 540 τότε
524 474 591 538 ἔδει
614 468 883 539 ἀποδείκνυσθαι
906 469 988 538 κατὰ
1013 472 1125 558 φυλάς

111 576 187 646 οὔτε
220 577 490 666 ἑκατοντάρχους.
513 576 596 646 κατὰ
628 576 749 665 λόχους
781 576 858 647 οὔτε
891 579 1020 646 ίππέων
1048 575 1125 665 ἡγε-

110 683 216 771 μόνας
239 685 316 754 οὔτε
334 687 595 773 ἐξαριθμεῖσθαί
613 711 648 753 τε
666 686 722 752 καὶ
740 690 932 772 λοχίζεσθαι
949 685 1005 752 καὶ
1023 683 1168 767 τάξινλσο

41 803 43 806 ’
69 808 82 851 5
111 790 269 871 ἑκάστους
300 791 362 878 τὴν
394 791 633 880 προσήκουσαν
670 790 869 878 λαμβάνειν·
905 788 991 858 άλλδι
1028 797 1124 878 βασι-

109 895 186 978 λεὺς
221 898 283 985 μὲν
319 912 390 979 τοῖς
425 896 610 985 χιλιάρχοις
644 897 889 987 παρήγγελλεν,
929 899 1054 966 ἐκείνοι
1088 897 1124 967 δὲ

108 1019 179 1084 τοῖς
201 1012 370 1091 λοχαγοῖς·
392 1003 482 1093 παρά
502 1004 539 1072 δὲ
557 1003 688 1073 τούτων
713 1008 748 1073 οί
770 1003 970 1094 δεκάδαρχοι
993 1003 1124 1091 μαθόν-

108 1138 161 1191 τες
183 1114 303 1197 ἐξῆγον
326 1110 407 1191 τοδς
427 1109 718 1198 ὑποτεταγμένους
741 1112 872 1190 ἑαυτοῖς
895 1113 1038 1197 ἑκαστον,
1061 1110 1121 1199 ἀφ’

110 1216 186 1297 ἑνός
207 1243 243 1285 τε
265 1217 488 1306 κελεύσματος
515 1228 580 1315 είτε
608 1223 697 1286 πᾶσα
720 1215 741 1305 ἡ
767 1217 909 1304 δύναμις
932 1225 998 1286 εἴτε
1021 1217 1124 1308 μοῖρά

70 1342 96 1382 1⁰
108 1350 159 1404 τις
182 1327 215 1407 ἐξ
238 1323 341 1413 αὐτῆς
363 1332 504 1413 κληθείη
531 1324 572 1395 τά
603 1324 688 1395 ὅπλα
711 1332 834 1414 ἔχουσα
856 1330 967 1413 παρῆν
992 1330 1040 1405 είς
1063 1323 1125 1394 τὸν

109 1429 354 1519 ἀποδειχθέντα
377 1433 483 1502 τόπον
506 1431 674 1522 εὐτρεπής.

147 1540 166 1583 >
197 1541 269 1608 XV.
298 1543 509 1628 Τεταγμένην
533 1540 595 1627 μέν
614 1532 677 1608 οὖν
695 1540 751 1607 καὶ
768 1540 1022 1627 κεκοσμημένην
1040 1538 1127 1629 πρὸς

109 1646 249 1733 είρήυην
275 1673 310 1715 τε
338 1644 561 1734 ἀποχρώντως
587 1647 644 1714 καὶ
670 1643 755 1734 πρὸς
781 1644 822 1715 τὰ
847 1648 990 1733 πολέμια
1012 1649 1125 1734 έπιτη-

110 1756 207 1833 δείως
243 1755 279 1820 ἐκ
310 1752 440 1822 τούτων
477 1757 547 1823 τῶν
583 1752 834 1841 πολιτευμάτων
869 1751 932 1840 τὴν
967 1751 1072 1822 πόλιν
1104 1751 1124 1822 δ

68 1873 94 1916 1⁵
104 1855 272 1945 Ῥωμύλος
299 1857 538 1947 ἀπειργάσατο,
566 1859 713 1947 μεγάλην
744 1859 782 1928 δέ
812 1859 868 1926 καὶ
899 1858 1125 1949 πολυάνθρω-

72 1964 174 2034 2πον
202 1968 237 2034 έκ
268 1969 388 2034 τῶνδε·
420 1971 555 2052 πρῶτον
586 1965 648 2053 μέν
679 1971 727 2046 είς
757 1964 909 2053 άνάγκην
941 1968 1128 2054 κατέστησε

106 2070 186 2152 τοὺς
214 2071 390 2160 οίκήτορας
416 2069 519 2158 αὐτῆς
546 2070 679 2141 ἅπασαν
706 2071 832 2161 άρρενα
859 2070 980 2159 γενεάν
1013 2075 1124 2162 ἐκτρέ-

62 2205 64 2208 ’
108 2205 186 2265 φειν
208 2178 264 2245 καὶ
286 2178 485 2266 θυγατέρων
511 2175 570 2258 τάς
596 2176 847 2265 πρωτογόνους,
876 2177 1125 2249 ἀποκτιννύναι

108 2285 146 2354 δὲ
175 2284 282 2373 μηδὲν
307 2288 376 2353 τῶν
403 2287 627 2371 γεννωμένων
655 2283 821 2373 νεώτερον
842 2289 1007 2374 τριετοῦς,
1030 2286 1124 2374 πλὴν

67 2418 94 2456 εο
108 2402 142 2461 ελ
159 2420 192 2461 τι
219 2394 352 2479 γένοιτο
381 2395 519 2461 παιδίον
547 2389 723 2479 ἀνάπηρον
750 2387 771 2478 ἢ
799 2393 898 2479 τέρας
925 2391 1031 2474 εὐθὺς
1054 2392 1123 2464 άπὸ

107 2504 218 2587 γονης.
253 2501 359 2568 ταῦτα
382 2496 413 2566 δ’
440 2497 501 2567 οὐκ
524 2497 692 2568 ἐκώλυσεν
717 2498 885 2567 ἐκτιθέναι
907 2497 987 2579 τοὺς
1009 2527 1125 2586 γεινα-

107 2609 230 2694 μένους
265 2608 494 2688 ἐπιδείξαντας
528 2605 693 2695 πρότερον
733 2607 831 2675 πέντε
867 2603 1012 2694 άνδράσι
1049 2621 1125 2688 τοῖς

108 2718 241 2799 ἔγγιστα
269 2716 438 2799 οίκοῦσιν,
470 2710 529 2781 έδιν
561 2710 729 2792 κάκείνοις
757 2715 915 2800 συνδοκῇ.
967 2711 1053 2780 κατά
1084 2713 1126 2782 δὲ

179 2914 193 2962 1
214 2909 361 2976 στρατείαν
381 2908 456 2962 ΑΒε,
536 2915 552 2963 3
577 2903 800 2978 ἑκατοντάρχους
818 2908 841 2962 Β
867 2902 1079 2977 ἑκατοντάρχας
1097 2911 1126 2966 R

106 2982 123 3032 5
143 2973 312 3040 ἑκάστουςΒ
331 2974 452 3034 ἑκάστου
461 2979 487 3033 Α
502 2978 507 3051 Ι
523 2974 772 3052 άναλοιμβάνεινΑ
786 2975 991 3051 λαμβάνεινΒλ
1005 2980 1124 3052 Βεὶελτε,

105 3049 245 3136 Kiessling
265 3048 355 3106 Cobet
372 3050 437 3106 obs.
455 3070 482 3122 p.
503 3057 537 3105 43
559 3053 563 3120 Ι
583 3052 745 3120 λοχίζεσθαι
770 3045 842 3105 άλλά
867 3046 1000 3123 βασιλεδς
1023 3049 1078 3120 μὲν
1096 3073 1123 3109 τ.

123 3164 129 3177 .
157 3127 346 3192 παρηγγειλεν
373 3117 454 3188 τάξιν
483 3117 618 3184 ἑκάστους
645 3117 697 3190 τὴν
729 3117 925 3193 προςήκονσαν
953 3118 1125 3194 λαμβάνειν,

105 3142 212 3251 ἐκεῖνοι
231 3192 262 3249 δὲ
282 3193 404 3250 Sintenis
422 3192 483 3250 Em.
502 3193 584 3247 Dion.
602 3194 629 3247 II
646 3211 674 3263 p.
689 3200 705 3248 6
779 3200 794 3248 7
814 3188 952 3263 δεκάρχαι
970 3195 996 3248 A
1014 3195 1124 3250 δεκαδ-

105 3263 190 3336 άρχαι
209 3266 240 3333 Β,
265 3282 333 3320 corr.
355 3264 477 3335 Sylburg
548 3258 648 3326 9ἑνός
667 3265 738 3320 τεΒ
763 3259 827 3326 ἑνὸς
845 3262 877 3319 δὲ
892 3266 937 3334 R}
955 3257 1124 3324 *άπασαΟ

142 3343 174 3391 11
194 3331 283 3391 τόπον
301 3336 398 3392 om.B
423 3337 428 3404 Ι
454 3329 598 3403 εὐπρεπής
615 3335 660 3391 Ba
742 3342 775 3391 12
794 3335 993 3406 τειαγμὲνηΒ
1023 3355 1124 3394 συντε-

105 3407 256 3532 ταχμένηχ
265 3407 366 3547 We
382 3408 387 3475 Ι
403 3404 577 3532 κὲιὲιοιχμὲνη.
596 3407 619 3461 Β
692 3410 725 3462 15
745 3405 777 3462 δὲ
798 3423 852 3461 om.
866 3409 892 3461 A
908 3409 912 3476 Ι
928 3403 1123 3479 πολυάνθρω-

106 3498 163 3535 πον
181 3497 211 3533 τε
291 3498 399 3533 τουτων
