2454 3916
506 207 670 260 ..ς-

28 367 153 430 λ67τῶν
181 361 225 450 μὴ
253 367 468 451 πειθομένων
495 370 539 456 τῶ
570 366 664 458 νόμφ
695 374 810 455 ζημίας
840 367 962 458 ῶρισεν
990 369 1093 450 ἄλλας

77 496 112 538 τε
135 471 270 557 καὶτῆς
289 470 406 552 οὐσίας
424 470 537 541 αὐτῶν
555 472 617 560 τὴν
634 471 790 561 ἡμίσειαν
809 474 897 544 εἶναι
916 481 1092 564 δημοσίαν.

79 581 190 645 ἔπειτα
212 575 419 666 καταμαθῶν
442 576 568 658 πολλάς
590 583 658 648 τῶν
680 578 763 648 κατά
785 579 847 668 τὴν
867 580 1012 651 Ἰταλίαν
1032 581 1092 651 πό·
1110 586 1131 652 3

77 692 164 752 λεων
196 689 353 775 πονηρῶς
386 688 700 774 ἐπιτροπευομέναςΙ
719 686 784 757 ὑπὸ
813 693 1029 778 τυραννίδων
1057 715 1092 757 τε

76 792 132 858 καὶ
170 789 389 882 ὀλιγαρχιῶν,
425 791 504 874 τοὺς
540 796 576 863 ἐκ
607 794 737 864 τούτων
770 798 986 877 ἐκπίπτοντας
1021 800 1090 865 τῶν
1117 824 1131 865 5

76 897 208 966 πόλεων
233 899 381 986 συχνούς
404 899 515 987 ὄντας,
539 906 570 969 εί
591 900 701 989 μόνον
724 898 792 971 εἷεν
814 903 1000 993 ἐλεύθεροι,
1019 907 1091 971 δια-

76 1011 205 1094 κρίνων
238 1004 315 1074 ούτε
352 1005 529 1095 συμφοράς
566 1007 643 1077 ούτε
683 1008 784 1096 τύχας
821 1007 933 1079 αὐτῶν
969 996 1091 1079 ύποδέῖ

76 1122 197 1200 χεσθαι
228 1114 285 1181 καὶ
322 1113 478 1201 μετάγειν
516 1112 561 1195 ῶς
598 1113 719 1184 ἑαυτὸν
752 1118 926 1204 ἐπεχείρει,
961 1115 1025 1204 τήν
1056 1143 1091 1186 τε

71 1217 244 1307 Ῥωμαίων
278 1218 425 1307 δύναμιν
440 1219 601 1308 ἀὐξῆσαι
632 1224 816 1309 βουληθεὶς
846 1224 902 1291 καὶ
933 1222 993 1304 τὰς
1022 1228 1090 1293 τῶν

76 1331 257 1415 περιοίκων
298 1329 492 1395 ἐλαττῶσαι·
543 1331 647 1397 ἐποίει
695 1328 733 1396 δέ
772 1333 876 1399 ταῦτα
915 1328 1089 1418 πρόφασιν
1103 1357 1130 1398 ιο

76 1431 221 1523 ἐξευρῶν
249 1431 394 1521 εὐπρεπῆ
422 1436 479 1503 καλ
507 1440 555 1515 είς
581 1439 667 1504 θεοῦ
693 1434 795 1524 τιμὴν
822 1434 860 1504 τὸ
885 1441 986 1524 ἔργον
1009 1434 1090 1504 άνα-

75 1543 199 1627 φέρων.
235 1538 272 1608 τὸ
292 1540 356 1629 γὰρ
376 1540 499 1628 μεταξύ
517 1547 643 1630 χωρίον
660 1545 722 1610 τού
740 1569 776 1610 τε
794 1547 1011 1611 Καπιτωλίου
1033 1543 1090 1610 καί
1107 1552 1130 1616 4

74 1651 134 1734 τῆς
161 1647 280 1736 άκρας,
310 1644 327 1715 δ
351 1655 499 1717 καλεῖται
527 1652 593 1717 νῦν
620 1646 703 1717 κατὰ
735 1647 797 1736 τὴν
815 1645 988 1736 Ῥωμαίων
1017 1649 1089 1717 διά-

74 1761 192 1823 λεκτον
229 1754 395 1843 μεθόριον
435 1759 530 1824 δυεῖν
569 1759 709 1845 δρυμῶν
744 1757 801 1824 καὶ
836 1747 880 1842 ἦν
917 1754 993 1824 τότε
1028 1759 1089 1824 τοῦ

75 1861 324 1948 συμβεβηκότος
351 1859 544 1949 ἐπῶνυμον,
571 1860 670 1943 ύλαις
695 1860 903 1950 ἀμφιλαφέσι
930 1861 1001 1932 κατ’
1027 1861 1088 1950 άμ-
1102 1887 1129 1930 ιε

75 1971 219 2054 φοτέρας
245 1968 304 2047 τὰς
332 1968 569 2048 συναπτούσας
599 1984 670 2049 τοῖς
700 1969 820 2056 λόφοις
846 1967 993 2056 λαγόνας
1021 1972 1089 2037 ἐπί-

75 2093 183 2159 σκιον,
207 2073 300 2164 ίερὸν
323 2073 415 2155 άνεὶς
434 2074 563 2144 ἄσυλον
587 2078 709 2156 ἱκέταις
730 2077 787 2144 καὶ
805 2074 890 2145 ναόν
909 2077 963 2144 ἐπὶ
980 2075 1087 2166 τούτῳ

73 2180 405 2268 κατασκευασάμενος
424 2180 505 2272 (ότφ
531 2182 568 2250 δὲ
585 2181 652 2272 άρα
670 2186 763 2251 θεῶν
787 2177 807 2270 ἢ
832 2181 1006 2269 δαιμόνων
1026 2180 1088 2250 ούκ

74 2294 138 2375 ἔχω
166 2287 204 2357 τὸ
233 2289 337 2377 σαφὲς
366 2294 486 2374 είπεῑν)
513 2304 584 2370 τοῖς
610 2288 881 2376 καταφεύγουσιν
911 2294 959 2368 είς
987 2292 1087 2357 τούτο

28 2393 116 2463 ιθετδ
146 2393 256 2479 ίερδν’
272 2398 394 2476 ἱκέταις
424 2399 487 2464 τού
522 2422 558 2464 τε
589 2395 696 2483 μηδὲν
729 2392 833 2464 κακὸν
865 2391 921 2462 ὑπ’
953 2396 1086 2483 ἐχθρῶν
1101 2418 1129 2460 ιο

72 2511 198 2570 παθεῖν
222 2500 385 2589 ἐγγυητὴς
412 2504 540 2589 ἐγίνετο
568 2507 627 2590 τῆς
654 2507 703 2582 είς
729 2499 767 2570 τὸ
795 2509 895 2569 θεῖον
918 2497 1088 2585 εὐσεβείας

72 2607 241 2696 προφάσει
268 2610 324 2676 καὶ
355 2614 386 2676 εί
411 2607 593 2695 βούλοιντο
621 2607 699 2698 παρ’
726 2606 814 2700 αὐτῷ
847 2608 962 2694 μένειν
994 2614 1087 2676 πολι-

72 2721 162 2794 τείας
190 2718 367 2803 μετεδίδου
394 2717 450 2783 καλ
478 2720 539 2803 γῆς
566 2730 705 2805 μοῖραν,
732 2711 777 2802 ἣν
808 2712 964 2801 κτήσαιτο
991 2722 1087 2783 πολε-

73 2827 171 2909 μίους
194 2820 411 2908 ἀφελόμενος.
453 2825 489 2890 οί
510 2820 548 2889 δὲ
571 2824 755 2911 συνέρρεον
780 2823 815 2889 ἐκ
832 2818 958 2901 παντὸς
979 2820 1086 2890 τόπου

72 2926 113 2998 τά
137 2933 242 2996 οίκεῐα
265 2926 448 3014 φεύγοντες
470 2925 555 2995 κακδι
582 2929 638 2996 καὶ
668 2925 777 2996 ούκέτι
805 2928 943 3016 ἑτέρωσε
966 2925 1085 2996 άπανί
1099 2950 1125 2994 ω

72 3055 193 3103 σταντο
227 3049 300 3114 ταῖς
330 3033 409 3102 καθ’
440 3032 570 3124 ἡμέραν
603 3032 748 3122 ὁμιλίαις
779 3035 835 3102 καὶ
861 3033 997 3123 χάρισιν
1024 3032 1083 3103 ὑπ’

71 3140 176 3211 αύτού
199 3140 425 3228 κατεχόμενοι.

145 3291 179 3339 16
198 3279 414 3353 συναγαγούσας
431 3284 457 3338 Α
481 3283 658 3353 (Ambrosch)
740 3289 774 3338 20
797 3278 887 3337 κακὸν
905 3286 1014 3337 παθεῖν
1031 3277 1084 3336 ὑπ’

73 3350 226 3425 ἐχθρῶνΒ
307 3362 341 3408 21
362 3349 475 3423 ἐγένετο
495 3354 602 3410 Grimm
683 3360 718 3409 23
741 3354 840 3424 μοίρας
861 3353 947 3423 vulgo
970 3353 1084 3422 legitur,
1114 3389 1116 3394 -

72 3432 174 3496 μοῖραν
198 3425 285 3480 editio
308 3426 409 3481 Kiessl.
433 3427 493 3480 sola
514 3427 640 3495 praebet,
667 3425 721 3480 del.
745 3424 867 3480 Reudler
890 3424 979 3478 Tiroc.
1002 3441 1030 3493 p.
1050 3430 1084 3478 θλ

72 3503 107 3552 24
126 3491 163 3567 ἣν
182 3497 316 3565 κτήσαιτο
334 3499 485 3567 πολεμίους
502 3497 555 3551 ΑΒ
