2454 3916
568 207 733 260 ,Β-

141 373 370 457 πρεσβευτῶν,
392 369 473 457 πρὶν
498 366 573 448 όυει
596 365 657 435 τὸν
680 365 790 456 ἀνδρα
815 371 902 436 ίδεῖν
925 364 1030 446 πολὺς
1051 363 1162 436 αὐτοῦ

141 479 287 565 παρέστη
317 476 442 562 πόθος,
474 472 592 543 ἱκανὸν
625 471 827 561 ήγουμένοις
857 462 1036 561 τεκμήριον
1070 471 1163 542 εἶναι

141 588 201 670 τῆς
223 590 360 671 σοφίας,
384 587 415 651 εί
435 586 504 652 τῶν
520 580 640 650 ἀλλων
663 578 747 669 ὑπὲρ
769 580 806 649 τὸ
832 581 968 668 μέτριον
992 580 1163 668 ἐκτετιμη·

141 690 251 759 νότων
278 696 453 780 βασιλείαν
480 691 536 757 καὶ
567 688 627 758 τὸν
662 687 846 775 εὐδαίμονα
877 694 955 774 βίον
988 689 1025 756 ἐν
1054 687 1163 778 ταύτη

101 828 114 866 ε
142 800 331 885 τιθεμένων
363 797 467 884 μόνος
495 798 621 875 ἐκεῖνος
649 792 694 875 ὡς
721 795 855 882 φαύλου
884 792 978 874 τινὸς
1006 796 1063 863 καὶ
1097 794 1164 865 οὐκ

142 901 240 986 ἀξίου
281 907 433 991 σπουδής
472 902 664 991 πράγματος
703 917 928 991 καταφρονεῖ,
972 927 1163 988 παραγενο-

143 1013 233 1100 μένῳ
265 1038 300 1079 τε
332 1009 491 1097 ὑπήντων
524 1015 572 1079 ἔτι
603 1007 683 1078 καθ’
715 1006 798 1077 ὁδὸν
831 1005 905 1077 όντι
937 1006 1002 1077 σὺν
1030 1009 1161 1100 έπαίνφ

142 1121 255 1208 πολλῷ
286 1118 343 1184 καί
374 1115 561 1204 ἀσπασμοῖς
591 1117 647 1184 καὶ
673 1130 746 1195 ταῖς
773 1113 889 1195 άλλαις
916 1129 1027 1203 τιμαῖς
1053 1139 1162 1202 παρα-

104 1224 327 1311 δκέμποντες
356 1228 403 1304 είς
424 1222 486 1309 τήν
514 1223 623 1292 πόλιν.
675 1226 848 1307 ἐκκλησίαις
876 1220 913 1289 δὲ
945 1218 1026 1309 μετά
1057 1225 1161 1291 τοῦτο

104 1359 130 1400 ιο
144 1336 381 1417 συναχθείσης,
405 1332 442 1398 έν
464 1321 487 1419 ή
510 1329 692 1416 διήνεγκαν
718 1326 799 1415 ὑπὲρ
818 1325 924 1398 αὐτοῦ
946 1326 1005 1408 τάς
1021 1329 1163 1416 ψήφους

142 1439 180 1503 αί
210 1437 315 1523 φυλαὶ
347 1435 430 1504 κατὰ
462 1436 613 1524 φράτρας
643 1437 698 1506 καὶ
730 1439 798 1504 τῶν
829 1442 1013 1524 πατρικίων
1046 1437 1160 1508 ἐπικυ-

143 1543 325 1628 ρωσάντων
353 1540 394 1610 τά
422 1542 566 1625 δόξαντα
594 1546 640 1634 τῷ
664 1542 788 1629 πλήθει
814 1543 870 1610 καὶ
892 1529 1085 1613 τελευταῖον
1112 1549 1162 1639 ἔτι

131 1653 212 1718 ’τῶν
236 1647 498 1735 ὀρνιθοσκόπων
522 1659 615 1719 αῖσια
637 1649 677 1719 τὰ
700 1648 789 1738 παρὰ
809 1653 871 1718 τοῦ
896 1654 1080 1738 δαιμονίου
1095 1671 1161 1738 -ση-

103 1759 125 1822 4
145 1765 220 1842 μεῖα
243 1755 494 1844 ἀποφηνάντων
516 1757 770 1845 παραλαμβάνει
791 1755 854 1844 τήν
876 1754 994 1845 ἀργήν.
1034 1761 1161 1828 τοῦτον

101 1893 127 1933 τι
140 1860 203 1929 τὸν
230 1859 340 1951 ἀνδρα
363 1860 524 1951 Ῥωμαῖοί
547 1881 631 1951 φασι
659 1869 834 1952 στρατείαν
862 1866 1029 1951 μηδεμίαν
1048 1865 1160 1953 ’ποιή

142 1975 283 2054 σασθαι,
306 1972 452 2055 θεοσεβῆ
477 1968 514 2038 δὲ
536 1971 592 2038 καὶ
616 1974 748 2038 δίκαιον
766 1969 952 2058 γενόμενον
976 1972 1014 2038 ἐν
1039 1970 1160 2061 εἰρήνη

140 2073 251 2143 πάντα
287 2072 348 2144 τὸν
384 2080 443 2163 τῆς
479 2075 583 2164 ἀρχῆς
618 2076 745 2164 χρόνον
783 2079 970 2147 διατελέσαι
1002 2077 1059 2147 καί
1095 2077 1160 2169 τήν

142 2180 243 2249 πόλιν
279 2180 399 2267 ἀριστα
431 2185 693 2270 πολιτευομένην
730 2197 928 2272 παρασχεῖν,
965 2183 1092 2270 λόγους
1112 2212 1208 2262 -τεςει

141 2283 225 2373 ὑπὲρ
255 2286 361 2356 αὐτοῦ
390 2286 537 2368 πολλοὺς
565 2289 621 2356 καὶ
649 2286 867 2376 θαυμαστοὺς
892 2292 1052 2376 λέγουσιν
1075 2289 1158 2360 ἀνα-

100 2424 126 2464 εο
140 2396 300 2483 φέροντες
331 2393 393 2483 τήν
426 2394 650 2485 ἀνθρωπίνην
678 2403 804 2484 σοφίαν
831 2403 878 2477 είς
905 2401 999 2466 θεῶν
1026 2396 1158 2488 ὑποθή-

99 2506 120 2570 5
138 2528 207 2580 κας.
247 2499 387 2588 νύμφην
406 2501 471 2588 γάρ
489 2529 566 2571 τινα
585 2507 840 2590 μυθολογοῦσιν
856 2502 1013 2592 Ἠγερίαν
1032 2511 1157 2593 φοιτᾶν

138 2605 222 2695 πρὸς
244 2606 348 2676 αὐτὸν
373 2609 526 2678 ἑκάστοτε
550 2611 781 2679 διδάσκουσαν
810 2609 872 2698 τήν
895 2610 1075 2698 βασιλικήν
1101 2633 1157 2685 συ

139 2718 237 2801 φίαν,
263 2717 370 2803 ἕτεροι
393 2716 430 2784 δὲ
450 2714 492 2785 οὐ
514 2716 668 2805 νύμφην,
693 2716 776 2785 ἀλλά
799 2721 867 2787 τάν
886 2722 1042 2787 Μουσῶν
1061 2726 1156 2806 μίαν.

138 2821 195 2887 καί
217 2823 317 2890 τοῦτό
335 2841 419 2908 φασι
441 2823 601 2907 γενέσθαι
620 2828 701 2891 πᾶσι
719 2823 880 2913 φανερόν.
917 2822 1155 2897 ἀπιστούντων

99 2958 125 2998 κε
139 2925 219 3015 γάρ,
248 2924 293 3006 ὡς
321 2932 424 3012 ἔοικε,
448 2930 518 2995 τῶν
549 2925 745 3018 ἀνθρώπων
777 2928 848 2999 κατ’
874 2928 978 3019 ἀρχάς
1008 2932 1065 2999 καὶ
1097 2957 1154 3004 πε-

138 3032 289 3102 πλάσθαι
316 3032 523 3120 νομιζόντων
551 3033 612 3104 τὸν
635 3037 710 3124 περὶ
733 3037 799 3127 ζτής
821 3041 905 3117 θεᾶς
929 3035 1048 3124 λόγον,
1071 3043 1155 3124 βου-

209 3261 278 3320 4έν
296 3260 428 3336 ταύτηΒ
457 3261 631 3321 ένταύθαΡι
713 3265 964 3338 σπαραγινομένμ
985 3284 1008 3322 ο.
1023 3267 1156 3326 Hertlein

138 3339 254 3392 Hermes
272 3335 297 3389 X
315 3355 343 3407 p.
362 3344 415 3392 410
489 3343 521 3392 12
541 3341 704 3392 τελευταῖον
722 3339 745 3391 Β
761 3341 790 3392 ελ
805 3338 925 3410 Sylburg
943 3342 1116 3399 τελευταίων
1130 3344 1157 3399 R

141 3414 174 3463 15
194 3409 383 3477 στρατείανΒ
411 3405 588 3478 στρατιάνΒ
665 3403 842 3478 21ήγορίαν
859 3410 885 3463 Α
962 3417 996 3465 26
1019 3413 1157 3484 περὶτῆς

138 3481 223 3542 θείας
241 3480 316 3534 AB'a

104 3636 221 3680 A.
