<?xml version="1.0" encoding="UTF-8"?>
<!DOCTYPE html PUBLIC "-//W3C//DTD XHTML 1.0 Transitional//EN"
    "http://www.w3.org/TR/xhtml1/DTD/xhtml1-transitional.dtd">
<html xmlns="http://www.w3.org/1999/xhtml" xml:lang="en" lang="en">
 <head>
  <title>
</title>
<meta http-equiv="Content-Type" content="text/html;charset=utf-8" />
  <meta name='ocr-system' content='tesseract 3.04.00' />
  <meta name='ocr-capabilities' content='ocr_page ocr_carea ocr_par ocr_line ocrx_word'/>
</head>
<body>
  <div class='ocr_page' id='page_1' title='image "./dionysihalicarn01diongoog_0179.png"; bbox 0 0 2438 3908; ppageno 0'>
   <div class='ocr_carea' id='block_1_1' title="bbox 540 239 702 293">
    <p class='ocr_par' dir='ltr' id='par_1_1' title="bbox 540 239 702 293">
     <span class='ocr_line' id='line_1_1' title="bbox 540 239 702 293; baseline 0.006 -13"><span class='ocrx_word' id='word_1_1' title='bbox 540 239 702 293; x_wconf 82' lang='grc' dir='ltr'><em>-Β-</em></span> 
     </span>
    </p>
   </div>
   <div class='ocr_carea' id='block_1_2' title="bbox 71 396 1073 2514">
    <p class='ocr_par' dir='ltr' id='par_1_2' title="bbox 71 396 1073 2514">
     <span class='ocr_line' id='line_1_2' title="bbox 114 396 1073 488; baseline 0.004 -22"><span class='ocrx_word' id='word_1_2' title='bbox 114 396 193 479; x_wconf 83' lang='grc' dir='ltr'><em>τοὺς</em></span> <span class='ocrx_word' id='word_1_3' title='bbox 216 396 488 488; x_wconf 87' lang='grc' dir='ltr'><em>άνδρειοτάτους·</em></span> <span class='ocrx_word' id='word_1_4' title='bbox 517 397 627 467; x_wconf 81' lang='grc' dir='ltr'><em>ἐκάλει</em></span> <span class='ocrx_word' id='word_1_5' title='bbox 647 399 685 467; x_wconf 72' lang='grc' dir='ltr'><em>δὲ</em></span> <span class='ocrx_word' id='word_1_6' title='bbox 703 397 762 480; x_wconf 81' lang='grc' dir='ltr'><em>τὰς</em></span> <span class='ocrx_word' id='word_1_7' title='bbox 780 399 842 487; x_wconf 72' lang='grc' dir='ltr'><em>μὲν</em></span> <span class='ocrx_word' id='word_1_8' title='bbox 860 405 993 487; x_wconf 77' lang='grc' dir='ltr'><em>μείζους</em></span> <span class='ocrx_word' id='word_1_9' title='bbox 1011 405 1073 487; x_wconf 84' lang='grc' dir='ltr'><em>μοί</em></span> 
     </span>
     <span class='ocr_line' id='line_1_3' title="bbox 113 503 1073 595; baseline 0.001 -22"><span class='ocrx_word' id='word_1_10' title='bbox 113 510 264 592; x_wconf 79' lang='grc' dir='ltr'><em>τρίβους,</em></span> <span class='ocrx_word' id='word_1_11' title='bbox 292 504 352 586; x_wconf 83' lang='grc' dir='ltr'><em>τὰς</em></span> <span class='ocrx_word' id='word_1_12' title='bbox 379 504 409 573; x_wconf 91' lang='grc' dir='ltr'><em>δ’</em></span> <span class='ocrx_word' id='word_1_13' title='bbox 436 505 595 587; x_wconf 78' lang='grc' dir='ltr'><em>ἐλάττους</em></span> <span class='ocrx_word' id='word_1_14' title='bbox 621 512 775 595; x_wconf 80' lang='grc' dir='ltr'><em>κουρίας,</em></span> <span class='ocrx_word' id='word_1_15' title='bbox 806 503 852 586; x_wconf 75' lang='grc' dir='ltr'><em>ὥς</em></span> <span class='ocrx_word' id='word_1_16' title='bbox 877 507 934 575; x_wconf 80' lang='grc' dir='ltr'><em>καὶ</em></span> <span class='ocrx_word' id='word_1_17' title='bbox 961 506 1047 575; x_wconf 81' lang='grc' dir='ltr'><em>κατὰ</em></span> <span class='ocrx_word' id='word_1_18' title='bbox 1070 536 1073 552; x_wconf 91' lang='grc'><strong><em>·</em></strong></span> 
     </span>
     <span class='ocr_line' id='line_1_4' title="bbox 73 608 1073 701; baseline 0.001 -20"><span class='ocrx_word' id='word_1_19' title='bbox 73 617 94 681; x_wconf 86' lang='grc'><strong>3</strong></span> <span class='ocrx_word' id='word_1_20' title='bbox 114 609 275 700; x_wconf 80' lang='grc' dir='ltr'><em>ἡμέτερον</em></span> <span class='ocrx_word' id='word_1_21' title='bbox 294 619 372 700; x_wconf 90' lang='grc' dir='ltr'><em>βίον</em></span> <span class='ocrx_word' id='word_1_22' title='bbox 391 617 438 681; x_wconf 79' lang='grc' dir='ltr'><em>ἔτι</em></span> <span class='ocrx_word' id='word_1_23' title='bbox 456 612 776 701; x_wconf 89' lang='grc' dir='ltr'><em>προσαγορεύονται.</em></span> <span class='ocrx_word' id='word_1_24' title='bbox 812 621 863 701; x_wconf 86' lang='grc' dir='ltr'><em>είη</em></span> <span class='ocrx_word' id='word_1_25' title='bbox 879 610 911 681; x_wconf 90' lang='grc' dir='ltr'><em>δ’</em></span> <span class='ocrx_word' id='word_1_26' title='bbox 927 608 973 682; x_wconf 84' lang='grc' dir='ltr'><em>άυ</em></span> <span class='ocrx_word' id='word_1_27' title='bbox 990 609 1073 682; x_wconf 24' lang='grc' dir='ltr'><em>Ἕλλη</em></span> 
     </span>
     <span class='ocr_line' id='line_1_5' title="bbox 113 717 1073 808; baseline 0.001 -22"><span class='ocrx_word' id='word_1_28' title='bbox 113 717 242 808; x_wconf 82' lang='grc' dir='ltr'><em>γλάττη</em></span> <span class='ocrx_word' id='word_1_29' title='bbox 279 717 319 789; x_wconf 82' lang='grc' dir='ltr'><em>τὰ</em></span> <span class='ocrx_word' id='word_1_30' title='bbox 357 718 507 807; x_wconf 88' lang='grc' dir='ltr'><em>ὀνόματα</em></span> <span class='ocrx_word' id='word_1_31' title='bbox 545 724 649 789; x_wconf 80' lang='grc' dir='ltr'><em>ταῦτα</em></span> <span class='ocrx_word' id='word_1_32' title='bbox 681 719 1001 808; x_wconf 76' lang='grc' dir='ltr'><em>μεθερμηνευόμενα</em></span> <span class='ocrx_word' id='word_1_33' title='bbox 1038 747 1073 808; x_wconf 78' lang='grc' dir='ltr'><em>φι</em></span> 
     </span>
     <span class='ocr_line' id='line_1_6' title="bbox 73 823 1073 916; baseline 0.007 -27"><span class='ocrx_word' id='word_1_34' title='bbox 73 847 86 889; x_wconf 83' lang='grc' dir='ltr'><em>ο</em></span> <span class='ocrx_word' id='word_1_35' title='bbox 114 825 176 913; x_wconf 77' lang='grc' dir='ltr'><em>μὲν</em></span> <span class='ocrx_word' id='word_1_36' title='bbox 203 827 259 895; x_wconf 80' lang='grc' dir='ltr'><em>καὶ</em></span> <span class='ocrx_word' id='word_1_37' title='bbox 287 824 419 915; x_wconf 77' lang='grc' dir='ltr'><em>τριττὺς</em></span> <span class='ocrx_word' id='word_1_38' title='bbox 444 823 465 914; x_wconf 80' lang='grc' dir='ltr'><em>ἡ</em></span> <span class='ocrx_word' id='word_1_39' title='bbox 492 831 644 912; x_wconf 82' lang='grc' dir='ltr'><em>τρίβους,</em></span> <span class='ocrx_word' id='word_1_40' title='bbox 672 829 805 916; x_wconf 82' lang='grc' dir='ltr'><em>φράτρα</em></span> <span class='ocrx_word' id='word_1_41' title='bbox 832 827 870 896; x_wconf 78' lang='grc' dir='ltr'><em>δὲ</em></span> <span class='ocrx_word' id='word_1_42' title='bbox 897 827 954 894; x_wconf 80' lang='grc' dir='ltr'><em>καὶ</em></span> <span class='ocrx_word' id='word_1_43' title='bbox 984 826 1073 914; x_wconf 73' lang='grc' dir='ltr'><em>λόχοι</em></span> 
     </span>
     <span class='ocr_line' id='line_1_7' title="bbox 112 931 1073 1022; baseline 0.001 -21"><span class='ocrx_word' id='word_1_44' title='bbox 112 938 244 1020; x_wconf 84' lang='grc' dir='ltr'><em>κουρία,</em></span> <span class='ocrx_word' id='word_1_45' title='bbox 267 935 414 1002; x_wconf 79' lang='grc' dir='ltr'><em>καὶτῶν</em></span> <span class='ocrx_word' id='word_1_46' title='bbox 436 931 574 1022; x_wconf 78' lang='grc' dir='ltr'><em>ἀνδρῶν</em></span> <span class='ocrx_word' id='word_1_47' title='bbox 600 935 635 1000; x_wconf 82' lang='grc' dir='ltr'><em>οἱ</em></span> <span class='ocrx_word' id='word_1_48' title='bbox 655 932 717 1021; x_wconf 74' lang='grc' dir='ltr'><em>μὲν</em></span> <span class='ocrx_word' id='word_1_49' title='bbox 735 932 795 1014; x_wconf 82' lang='grc' dir='ltr'><em>τὰς</em></span> <span class='ocrx_word' id='word_1_50' title='bbox 815 937 884 1002; x_wconf 77' lang='grc' dir='ltr'><em>τῶν</em></span> <span class='ocrx_word' id='word_1_51' title='bbox 903 939 1032 1021; x_wconf 87' lang='grc' dir='ltr'><em>τρίβων</em></span> <span class='ocrx_word' id='word_1_52' title='bbox 1054 932 1073 1022; x_wconf 76' lang='grc' dir='ltr'><em>ἡ</em></span> 
     </span>
     <span class='ocr_line' id='line_1_8' title="bbox 113 1038 1073 1129; baseline -0.001 -22"><span class='ocrx_word' id='word_1_53' title='bbox 113 1045 234 1127; x_wconf 92' lang='grc' dir='ltr'><em>μονίας</em></span> <span class='ocrx_word' id='word_1_54' title='bbox 267 1045 399 1127; x_wconf 82' lang='grc' dir='ltr'><em>ἔχοντες</em></span> <span class='ocrx_word' id='word_1_55' title='bbox 436 1038 607 1129; x_wconf 87' lang='grc' dir='ltr'><em>φύλαρχοί</em></span> <span class='ocrx_word' id='word_1_56' title='bbox 638 1066 674 1109; x_wconf 88' lang='grc' dir='ltr'><em>τε</em></span> <span class='ocrx_word' id='word_1_57' title='bbox 710 1041 766 1109; x_wconf 80' lang='grc' dir='ltr'><em>καὶ</em></span> <span class='ocrx_word' id='word_1_58' title='bbox 802 1040 1031 1128; x_wconf 81' lang='grc' dir='ltr'><em>τριττύαρχοι,</em></span> <span class='ocrx_word' id='word_1_59' title='bbox 1068 1071 1073 1106; x_wconf 79' lang='grc' dir='ltr'><em>ι</em></span> 
     </span>
     <span class='ocr_line' id='line_1_9' title="bbox 113 1143 1073 1234; baseline 0.001 -21"><span class='ocrx_word' id='word_1_60' title='bbox 113 1149 254 1214; x_wconf 79' lang='grc' dir='ltr'><em>καλοῦσι</em></span> <span class='ocrx_word' id='word_1_61' title='bbox 282 1143 440 1234; x_wconf 77' lang='grc' dir='ltr'><em>Ῥωμαῖοι</em></span> <span class='ocrx_word' id='word_1_62' title='bbox 469 1146 686 1234; x_wconf 80' lang='grc' dir='ltr'><em>τριβούνους·</em></span> <span class='ocrx_word' id='word_1_63' title='bbox 724 1150 759 1216; x_wconf 82' lang='grc' dir='ltr'><em>οἱ</em></span> <span class='ocrx_word' id='word_1_64' title='bbox 789 1146 827 1215; x_wconf 70' lang='grc' dir='ltr'><em>δὲ</em></span> <span class='ocrx_word' id='word_1_65' title='bbox 858 1161 931 1227; x_wconf 76' lang='grc' dir='ltr'><em>ταῖς</em></span> <span class='ocrx_word' id='word_1_66' title='bbox 967 1152 1073 1232; x_wconf 87' lang='grc' dir='ltr'><em>κονρίι</em></span> 
     </span>
     <span class='ocr_line' id='line_1_10' title="bbox 114 1249 1073 1342; baseline 0.002 -22"><span class='ocrx_word' id='word_1_67' title='bbox 114 1250 332 1340; x_wconf 81' lang='grc' dir='ltr'><em>ἐφεστηκότες</em></span> <span class='ocrx_word' id='word_1_68' title='bbox 353 1257 407 1320; x_wconf 78' lang='grc' dir='ltr'><em>καὶ</em></span> <span class='ocrx_word' id='word_1_69' title='bbox 429 1258 651 1342; x_wconf 80' lang='grc' dir='ltr'><em>φρατρίαρχοι</em></span> <span class='ocrx_word' id='word_1_70' title='bbox 675 1254 730 1321; x_wconf 84' lang='grc' dir='ltr'><em>καὶ</em></span> <span class='ocrx_word' id='word_1_71' title='bbox 748 1259 898 1341; x_wconf 88' lang='grc' dir='ltr'><em>λοχαγοί,</em></span> <span class='ocrx_word' id='word_1_72' title='bbox 923 1249 984 1334; x_wconf 77' lang='grc' dir='ltr'><em>οὓς</em></span> <span class='ocrx_word' id='word_1_73' title='bbox 1007 1256 1073 1322; x_wconf 69' lang='grc' dir='ltr'><em>ἐκεῖ</em></span> 
     </span>
     <span class='ocr_line' id='line_1_11' title="bbox 72 1329 1073 1458; baseline 0 -31"><span class='ocrx_word' id='word_1_74' title='bbox 72 1329 303 1458; x_wconf 47' lang='grc' dir='ltr'><em>ᾗκουρίωνας</em></span> <span class='ocrx_word' id='word_1_75' title='bbox 326 1357 540 1446; x_wconf 84' lang='grc' dir='ltr'><em>ὀνομάζουσι.</em></span> <span class='ocrx_word' id='word_1_76' title='bbox 586 1358 748 1448; x_wconf 78' lang='grc' dir='ltr'><em>διῄρηντο</em></span> <span class='ocrx_word' id='word_1_77' title='bbox 773 1358 810 1428; x_wconf 68' lang='grc' dir='ltr'><em>δὲ</em></span> <span class='ocrx_word' id='word_1_78' title='bbox 834 1361 892 1428; x_wconf 81' lang='grc' dir='ltr'><em>καὶ</em></span> <span class='ocrx_word' id='word_1_79' title='bbox 915 1364 963 1440; x_wconf 87' lang='grc' dir='ltr'><em>είς</em></span> <span class='ocrx_word' id='word_1_80' title='bbox 986 1359 1073 1428; x_wconf 81' lang='grc' dir='ltr'><em>δεκάι</em></span> 
     </span>
     <span class='ocr_line' id='line_1_12' title="bbox 114 1463 1073 1555; baseline 0.002 -21"><span class='ocrx_word' id='word_1_81' title='bbox 114 1470 152 1534; x_wconf 84' lang='grc' dir='ltr'><em>αί</em></span> <span class='ocrx_word' id='word_1_82' title='bbox 172 1470 320 1554; x_wconf 81' lang='grc' dir='ltr'><em>φρᾶτραι</em></span> <span class='ocrx_word' id='word_1_83' title='bbox 343 1464 427 1555; x_wconf 87' lang='grc' dir='ltr'><em>πρὸς</em></span> <span class='ocrx_word' id='word_1_84' title='bbox 450 1463 565 1551; x_wconf 78' lang='grc' dir='ltr'><em>αὐτοῦ,</em></span> <span class='ocrx_word' id='word_1_85' title='bbox 588 1467 644 1534; x_wconf 85' lang='grc' dir='ltr'><em>καὶ</em></span> <span class='ocrx_word' id='word_1_86' title='bbox 667 1464 802 1554; x_wconf 76' lang='grc' dir='ltr'><em>ἡγεμών</em></span> <span class='ocrx_word' id='word_1_87' title='bbox 827 1465 971 1554; x_wconf 83' lang='grc' dir='ltr'><em>ἑκάστην</em></span> <span class='ocrx_word' id='word_1_88' title='bbox 995 1466 1073 1554; x_wconf 82' lang='grc' dir='ltr'><em>ἑκόιη</em></span> 
     </span>
     <span class='ocr_line' id='line_1_13' title="bbox 115 1570 1073 1661; baseline 0.001 -22"><span class='ocrx_word' id='word_1_89' title='bbox 115 1572 249 1661; x_wconf 88' lang='grc' dir='ltr'><em>δεκάδα,</em></span> <span class='ocrx_word' id='word_1_90' title='bbox 269 1576 456 1660; x_wconf 85' lang='grc' dir='ltr'><em>δεκουρίων</em></span> <span class='ocrx_word' id='word_1_91' title='bbox 474 1570 557 1639; x_wconf 80' lang='grc' dir='ltr'><em>κατὰ</em></span> <span class='ocrx_word' id='word_1_92' title='bbox 575 1570 637 1659; x_wconf 77' lang='grc' dir='ltr'><em>τὴν</em></span> <span class='ocrx_word' id='word_1_93' title='bbox 656 1571 835 1660; x_wconf 84' lang='grc' dir='ltr'><em>ίπιχιόριον</em></span> <span class='ocrx_word' id='word_1_94' title='bbox 851 1577 1003 1659; x_wconf 80' lang='grc' dir='ltr'><em>γλῶτταν</em></span> <span class='ocrx_word' id='word_1_95' title='bbox 1025 1598 1073 1658; x_wconf 75' lang='grc' dir='ltr'><em>πρ(</em></span> 
     </span>
     <span class='ocr_line' id='line_1_14' title="bbox 113 1675 1073 1766; baseline 0 -20"><span class='ocrx_word' id='word_1_96' title='bbox 113 1676 368 1766; x_wconf 88' lang='grc' dir='ltr'><em>αγορευόμενος.</em></span> <span class='ocrx_word' id='word_1_97' title='bbox 411 1675 456 1759; x_wconf 79' lang='grc' dir='ltr'><em>ὡς</em></span> <span class='ocrx_word' id='word_1_98' title='bbox 477 1677 515 1746; x_wconf 77' lang='grc' dir='ltr'><em>δδ</em></span> <span class='ocrx_word' id='word_1_99' title='bbox 539 1681 760 1766; x_wconf 78' lang='grc' dir='ltr'><em>διεκρίθησαν</em></span> <span class='ocrx_word' id='word_1_100' title='bbox 783 1676 926 1760; x_wconf 82' lang='grc' dir='ltr'><em>ἅπαντες</em></span> <span class='ocrx_word' id='word_1_101' title='bbox 949 1680 1004 1748; x_wconf 79' lang='grc' dir='ltr'><em>καὶ</em></span> <span class='ocrx_word' id='word_1_102' title='bbox 1029 1699 1073 1748; x_wconf 89' lang='grc' dir='ltr'><em>σω</em></span> 
     </span>
     <span class='ocr_line' id='line_1_15' title="bbox 112 1782 1073 1873; baseline -0.002 -21"><span class='ocrx_word' id='word_1_103' title='bbox 112 1784 288 1872; x_wconf 80' lang='grc' dir='ltr'><em>τάχδησαυ</em></span> <span class='ocrx_word' id='word_1_104' title='bbox 312 1789 360 1865; x_wconf 87' lang='grc' dir='ltr'><em>είς</em></span> <span class='ocrx_word' id='word_1_105' title='bbox 383 1782 492 1872; x_wconf 84' lang='grc' dir='ltr'><em>φυλάς</em></span> <span class='ocrx_word' id='word_1_106' title='bbox 513 1785 569 1852; x_wconf 85' lang='grc' dir='ltr'><em>καὶ</em></span> <span class='ocrx_word' id='word_1_107' title='bbox 589 1784 750 1873; x_wconf 87' lang='grc' dir='ltr'><em>φράτρας,</em></span> <span class='ocrx_word' id='word_1_108' title='bbox 775 1782 897 1854; x_wconf 74' lang='grc' dir='ltr'><em>διελὼν</em></span> <span class='ocrx_word' id='word_1_109' title='bbox 914 1784 978 1873; x_wconf 79' lang='grc' dir='ltr'><em>τὴν</em></span> <span class='ocrx_word' id='word_1_110' title='bbox 996 1789 1073 1873; x_wconf 78' lang='grc' dir='ltr'><em>γῆνι</em></span> 
     </span>
     <span class='ocr_line' id='line_1_16' title="bbox 73 1887 1073 1982; baseline -0.005 -19"><span class='ocrx_word' id='word_1_111' title='bbox 73 1923 99 1965; x_wconf 80' lang='lat'><em>15</em></span> <span class='ocrx_word' id='word_1_112' title='bbox 112 1890 292 1980; x_wconf 89' lang='grc' dir='ltr'><em>τριάκοντα</em></span> <span class='ocrx_word' id='word_1_113' title='bbox 315 1891 460 1979; x_wconf 80' lang='grc' dir='ltr'><em>κλήρους</em></span> <span class='ocrx_word' id='word_1_114' title='bbox 484 1900 578 1971; x_wconf 87' lang='grc' dir='ltr'><em>ίσους</em></span> <span class='ocrx_word' id='word_1_115' title='bbox 602 1890 722 1980; x_wconf 79' lang='grc' dir='ltr'><em>ἑκάστη</em></span> <span class='ocrx_word' id='word_1_116' title='bbox 741 1889 875 1982; x_wconf 78' lang='grc' dir='ltr'><em>φράτρᾳ</em></span> <span class='ocrx_word' id='word_1_117' title='bbox 898 1896 1025 1982; x_wconf 78' lang='grc' dir='ltr'><em>κλῆρον</em></span> <span class='ocrx_word' id='word_1_118' title='bbox 1045 1887 1073 1958; x_wconf 83' lang='grc' dir='ltr'><em>άτ</em></span> 
     </span>
     <span class='ocr_line' id='line_1_17' title="bbox 115 1995 1073 2087; baseline -0.002 -21"><span class='ocrx_word' id='word_1_119' title='bbox 115 2001 222 2066; x_wconf 88' lang='grc' dir='ltr'><em>δωκεν</em></span> <span class='ocrx_word' id='word_1_120' title='bbox 247 1998 315 2085; x_wconf 80' lang='grc' dir='ltr'><em>ἕνα,</em></span> <span class='ocrx_word' id='word_1_121' title='bbox 339 1995 459 2078; x_wconf 81' lang='grc' dir='ltr'><em>ἐξελὼν</em></span> <span class='ocrx_word' id='word_1_122' title='bbox 483 1995 545 2084; x_wconf 76' lang='grc' dir='ltr'><em>τὴν</em></span> <span class='ocrx_word' id='word_1_123' title='bbox 568 1996 740 2086; x_wconf 82' lang='grc' dir='ltr'><em>άρκοῦσαν</em></span> <span class='ocrx_word' id='word_1_124' title='bbox 762 2001 809 2077; x_wconf 86' lang='grc' dir='ltr'><em>είς</em></span> <span class='ocrx_word' id='word_1_125' title='bbox 832 1995 906 2087; x_wconf 82' lang='grc' dir='ltr'><em>ίερά</em></span> <span class='ocrx_word' id='word_1_126' title='bbox 927 1998 984 2066; x_wconf 79' lang='grc' dir='ltr'><em>καὶ</em></span> <span class='ocrx_word' id='word_1_127' title='bbox 1005 1995 1073 2085; x_wconf 85' lang='grc' dir='ltr'><em>τεμέ</em></span> 
     </span>
     <span class='ocr_line' id='line_1_18' title="bbox 112 2099 1073 2195; baseline -0.003 -22"><span class='ocrx_word' id='word_1_128' title='bbox 112 2110 172 2173; x_wconf 90' lang='grc' dir='ltr'><em>καί</em></span> <span class='ocrx_word' id='word_1_129' title='bbox 190 2131 267 2174; x_wconf 90' lang='grc' dir='ltr'><em>τινα</em></span> <span class='ocrx_word' id='word_1_130' title='bbox 289 2104 345 2171; x_wconf 81' lang='grc' dir='ltr'><em>καὶ</em></span> <span class='ocrx_word' id='word_1_131' title='bbox 368 2107 413 2195; x_wconf 78' lang='grc' dir='ltr'><em>τῷ</em></span> <span class='ocrx_word' id='word_1_132' title='bbox 432 2107 535 2195; x_wconf 77' lang='grc' dir='ltr'><em>κοινῷ</em></span> <span class='ocrx_word' id='word_1_133' title='bbox 558 2108 622 2191; x_wconf 79' lang='grc' dir='ltr'><em>γῆν</em></span> <span class='ocrx_word' id='word_1_134' title='bbox 641 2102 841 2173; x_wconf 79' lang='grc' dir='ltr'><em>καταλιπόν.</em></span> <span class='ocrx_word' id='word_1_135' title='bbox 883 2110 943 2192; x_wconf 87' lang='grc' dir='ltr'><em>μία</em></span> <span class='ocrx_word' id='word_1_136' title='bbox 962 2104 1022 2192; x_wconf 72' lang='grc' dir='ltr'><em>μὲν</em></span> <span class='ocrx_word' id='word_1_137' title='bbox 1039 2099 1073 2171; x_wconf 82' lang='grc' dir='ltr'><em>αό</em></span> 
     </span>
     <span class='ocr_line' id='line_1_19' title="bbox 114 2208 1073 2301; baseline -0.001 -20"><span class='ocrx_word' id='word_1_138' title='bbox 114 2216 277 2301; x_wconf 88' lang='grc' dir='ltr'><em>διαίρεσις</em></span> <span class='ocrx_word' id='word_1_139' title='bbox 295 2208 361 2281; x_wconf 82' lang='grc' dir='ltr'><em>ὑπὸ</em></span> <span class='ocrx_word' id='word_1_140' title='bbox 376 2208 550 2298; x_wconf 84' lang='grc' dir='ltr'><em>Ῥωμύλου</em></span> <span class='ocrx_word' id='word_1_141' title='bbox 568 2213 636 2279; x_wconf 78' lang='grc' dir='ltr'><em>τῶν</em></span> <span class='ocrx_word' id='word_1_142' title='bbox 655 2237 690 2279; x_wconf 88' lang='grc' dir='ltr'><em>τε</em></span> <span class='ocrx_word' id='word_1_143' title='bbox 709 2209 847 2300; x_wconf 79' lang='grc' dir='ltr'><em>ἀνδρῶν</em></span> <span class='ocrx_word' id='word_1_144' title='bbox 866 2212 922 2279; x_wconf 80' lang='grc' dir='ltr'><em>καὶ</em></span> <span class='ocrx_word' id='word_1_145' title='bbox 940 2215 999 2299; x_wconf 80' lang='grc' dir='ltr'><em>τῆς</em></span> <span class='ocrx_word' id='word_1_146' title='bbox 1016 2209 1073 2299; x_wconf 82' lang='grc' dir='ltr'><em>χόρ</em></span> 
     </span>
     <span class='ocr_line' id='line_1_20' title="bbox 112 2315 1073 2409; baseline 0 -21"><span class='ocrx_word' id='word_1_147' title='bbox 112 2317 176 2409; x_wconf 79' lang='grc' dir='ltr'><em>&lt;ἡ&gt;</em></span> <span class='ocrx_word' id='word_1_148' title='bbox 209 2321 409 2408; x_wconf 83' lang='grc' dir='ltr'><em>περιέχουσα</em></span> <span class='ocrx_word' id='word_1_149' title='bbox 441 2315 502 2405; x_wconf 78' lang='grc' dir='ltr'><em>τὴν</em></span> <span class='ocrx_word' id='word_1_150' title='bbox 534 2315 653 2403; x_wconf 81' lang='grc' dir='ltr'><em>κοινὴν</em></span> <span class='ocrx_word' id='word_1_151' title='bbox 689 2318 745 2385; x_wconf 85' lang='grc' dir='ltr'><em>καὶ</em></span> <span class='ocrx_word' id='word_1_152' title='bbox 783 2322 942 2405; x_wconf 81' lang='grc' dir='ltr'><em>μεγίστην</em></span> <span class='ocrx_word' id='word_1_153' title='bbox 978 2317 1073 2404; x_wconf 78' lang='grc' dir='ltr'><em>ίσότηι</em></span> 
     </span>
     <span class='ocr_line' id='line_1_21' title="bbox 71 2419 372 2514; baseline -0.023 -12"><span class='ocrx_word' id='word_1_154' title='bbox 71 2461 98 2501; x_wconf 81' lang='grc' dir='ltr'><em>εο</em></span> <span class='ocrx_word' id='word_1_155' title='bbox 112 2427 225 2497; x_wconf 90' lang='grc' dir='ltr'><em>τοιάδε</em></span> <span class='ocrx_word' id='word_1_156' title='bbox 247 2453 297 2508; x_wconf 89' lang='grc' dir='ltr'><em>τις</em></span> <span class='ocrx_word' id='word_1_157' title='bbox 320 2419 372 2514; x_wconf 83' lang='grc' dir='ltr'><em>ἦν.</em></span> 
     </span>
    </p>
   </div>
   <div class='ocr_carea' id='block_1_3' title="bbox 72 2547 1073 3066">
    <p class='ocr_par' dir='ltr' id='par_1_3' title="bbox 72 2547 1073 3066">
     <span class='ocr_line' id='line_1_22' title="bbox 147 2547 1058 2642; baseline -0.004 -20"><span class='ocrx_word' id='word_1_158' title='bbox 147 2561 169 2607; x_wconf 85' lang='lat'><em>&gt;</em></span> <span class='ocrx_word' id='word_1_159' title='bbox 202 2555 291 2623; x_wconf 62' lang='lat' dir='ltr'><strong>VIII„</strong></span> <span class='ocrx_word' id='word_1_160' title='bbox 324 2550 439 2642; x_wconf 83' lang='grc' dir='ltr'><em>Ἑτέρα</em></span> <span class='ocrx_word' id='word_1_161' title='bbox 464 2551 501 2620; x_wconf 70' lang='grc' dir='ltr'><em>δέ</em></span> <span class='ocrx_word' id='word_1_162' title='bbox 524 2549 635 2619; x_wconf 78' lang='grc' dir='ltr'><em>αὐτῶν</em></span> <span class='ocrx_word' id='word_1_163' title='bbox 663 2548 765 2618; x_wconf 92' lang='grc' dir='ltr'><em>πάλιν</em></span> <span class='ocrx_word' id='word_1_164' title='bbox 787 2553 856 2617; x_wconf 76' lang='grc' dir='ltr'><em>τῶν</em></span> <span class='ocrx_word' id='word_1_165' title='bbox 880 2547 1058 2639; x_wconf 77' lang='grc' dir='ltr'><em>άυδρωνὴ</em></span> 
     </span>
     <span class='ocr_line' id='line_1_23' title="bbox 114 2653 1073 2747; baseline -0.001 -21"><span class='ocrx_word' id='word_1_166' title='bbox 114 2659 342 2747; x_wconf 74' lang='grc' dir='ltr'><em>φιλάνθρωπα</em></span> <span class='ocrx_word' id='word_1_167' title='bbox 378 2660 433 2726; x_wconf 81' lang='grc' dir='ltr'><em>καὶ</em></span> <span class='ocrx_word' id='word_1_168' title='bbox 470 2655 528 2738; x_wconf 84' lang='grc' dir='ltr'><em>τάς</em></span> <span class='ocrx_word' id='word_1_169' title='bbox 568 2653 664 2744; x_wconf 82' lang='grc' dir='ltr'><em>τιμάς</em></span> <span class='ocrx_word' id='word_1_170' title='bbox 702 2657 908 2743; x_wconf 80' lang='grc' dir='ltr'><em>διανέμουσα</em></span> <span class='ocrx_word' id='word_1_171' title='bbox 945 2656 1027 2727; x_wconf 82' lang='grc' dir='ltr'><em>κατά</em></span> <span class='ocrx_word' id='word_1_172' title='bbox 1058 2683 1073 2725; x_wconf 88' lang='grc' dir='ltr'><em>ι</em></span> 
     </span>
     <span class='ocr_line' id='line_1_24' title="bbox 113 2760 1073 2852; baseline 0.001 -22"><span class='ocrx_word' id='word_1_173' title='bbox 113 2762 221 2848; x_wconf 84' lang='grc' dir='ltr'><em>ἀξίαν,</em></span> <span class='ocrx_word' id='word_1_174' title='bbox 244 2760 288 2850; x_wconf 82' lang='grc' dir='ltr'><em>ἣν</em></span> <span class='ocrx_word' id='word_1_175' title='bbox 312 2767 420 2852; x_wconf 83' lang='grc' dir='ltr'><em>μέλλω</em></span> <span class='ocrx_word' id='word_1_176' title='bbox 443 2768 644 2851; x_wconf 72' lang='grc' dir='ltr'><em>διηγεῖσθαι.</em></span> <span class='ocrx_word' id='word_1_177' title='bbox 679 2760 758 2843; x_wconf 87' lang='grc' dir='ltr'><em>τούς</em></span> <span class='ocrx_word' id='word_1_178' title='bbox 777 2764 951 2849; x_wconf 78' lang='grc' dir='ltr'><em>ἐπιφανεῖς</em></span> <span class='ocrx_word' id='word_1_179' title='bbox 968 2761 1073 2849; x_wconf 77' lang='grc' dir='ltr'><em>κατάη</em></span> 
     </span>
     <span class='ocr_line' id='line_1_25' title="bbox 113 2867 1052 2957; baseline 0.002 -21"><span class='ocrx_word' id='word_1_180' title='bbox 113 2895 173 2948; x_wconf 91' lang='grc' dir='ltr'><em>νος</em></span> <span class='ocrx_word' id='word_1_181' title='bbox 200 2868 255 2936; x_wconf 80' lang='grc' dir='ltr'><em>καὶ</em></span> <span class='ocrx_word' id='word_1_182' title='bbox 285 2869 330 2937; x_wconf 92' lang='grc' dir='ltr'><em>δι’</em></span> <span class='ocrx_word' id='word_1_183' title='bbox 357 2867 478 2956; x_wconf 79' lang='grc' dir='ltr'><em>άρετὴν</em></span> <span class='ocrx_word' id='word_1_184' title='bbox 509 2870 773 2956; x_wconf 80' lang='grc' dir='ltr'><em>ἐπαινουμένους</em></span> <span class='ocrx_word' id='word_1_185' title='bbox 804 2870 859 2937; x_wconf 85' lang='grc' dir='ltr'><em>καὶ</em></span> <span class='ocrx_word' id='word_1_186' title='bbox 887 2869 1052 2957; x_wconf 78' lang='grc' dir='ltr'><em>χρήμασιν</em></span> 
     </span>
     <span class='ocr_line' id='line_1_26' title="bbox 72 2968 1073 3066; baseline -0.005 -17"><span class='ocrx_word' id='word_1_187' title='bbox 72 3007 98 3049; x_wconf 80' lang='grc' dir='ltr'><em>ιε</em></span> <span class='ocrx_word' id='word_1_188' title='bbox 114 2978 151 3044; x_wconf 80' lang='grc' dir='ltr'><em>ἐν</em></span> <span class='ocrx_word' id='word_1_189' title='bbox 173 2988 244 3054; x_wconf 78' lang='grc' dir='ltr'><em>τοῖς</em></span> <span class='ocrx_word' id='word_1_190' title='bbox 265 2975 340 3044; x_wconf 90' lang='grc' dir='ltr'><em>τότε</em></span> <span class='ocrx_word' id='word_1_191' title='bbox 362 2990 492 3064; x_wconf 83' lang='grc' dir='ltr'><em>καιροῖς</em></span> <span class='ocrx_word' id='word_1_192' title='bbox 515 2975 695 3066; x_wconf 83' lang='grc' dir='ltr'><em>εὐπόρους,</em></span> <span class='ocrx_word' id='word_1_193' title='bbox 727 2970 777 3055; x_wconf 83' lang='grc' dir='ltr'><em>οἷς</em></span> <span class='ocrx_word' id='word_1_194' title='bbox 799 2974 864 3063; x_wconf 77' lang='grc' dir='ltr'><em>ἤδη</em></span> <span class='ocrx_word' id='word_1_195' title='bbox 888 2980 1007 3057; x_wconf 78' lang='grc' dir='ltr'><em>παῖδες</em></span> <span class='ocrx_word' id='word_1_196' title='bbox 1028 2968 1073 3065; x_wconf 82' lang='grc' dir='ltr'><em>ἦσι</em></span> 
     </span>
    </p>
   </div>
   <div class='ocr_carea' id='block_1_4' title="bbox 113 3223 1073 3528">
    <p class='ocr_par' dir='ltr' id='par_1_4' title="bbox 113 3223 1073 3508">
     <span class='ocr_line' id='line_1_27' title="bbox 184 3223 1073 3350; baseline 0.003 -71"><span class='ocrx_word' id='word_1_197' title='bbox 184 3230 199 3280; x_wconf 87' lang='lat'>5</span> <span class='ocrx_word' id='word_1_198' title='bbox 219 3227 332 3350; x_wconf 88' lang='grc' dir='ltr'><em>τρίβους</em></span> <span class='ocrx_word' id='word_1_199' title='bbox 350 3225 373 3278; x_wconf 95' lang='grc' dir='ltr'><strong>Β</strong></span> <span class='ocrx_word' id='word_1_200' title='bbox 391 3225 484 3292; x_wconf 87' lang='grc' dir='ltr'><em>τρίβος</em></span> <span class='ocrx_word' id='word_1_201' title='bbox 502 3226 528 3280; x_wconf 87' lang='grc' dir='ltr'><strong>Β</strong></span> <span class='ocrx_word' id='word_1_202' title='bbox 543 3227 547 3294; x_wconf 95' lang='grc' dir='ltr'>Ι</span> <span class='ocrx_word' id='word_1_203' title='bbox 564 3226 675 3296; x_wconf 83' lang='grc' dir='ltr'><em>φράτρα</em></span> <span class='ocrx_word' id='word_1_204' title='bbox 694 3227 740 3281; x_wconf 75' lang='lat' dir='ltr'><em>Ba</em></span> <span class='ocrx_word' id='word_1_205' title='bbox 812 3229 828 3279; x_wconf 87' lang='grc'><strong>8</strong></span> <span class='ocrx_word' id='word_1_206' title='bbox 847 3223 896 3278; x_wconf 83' lang='grc' dir='ltr'><em>καλ</em></span> <span class='ocrx_word' id='word_1_207' title='bbox 915 3226 1073 3281; x_wconf 73' lang='grc' dir='ltr'><em>καλοῦσιλ</em></span> 
     </span>
     <span class='ocr_line' id='line_1_28' title="bbox 113 3296 1073 3383; baseline -0.008 -28"><span class='ocrx_word' id='word_1_208' title='bbox 113 3297 258 3370; x_wconf 88' lang='grc' dir='ltr'><em>τριβονλνί</em></span> <span class='ocrx_word' id='word_1_209' title='bbox 257 3316 306 3358; x_wconf 84' lang='grc' dir='ltr'><em>ους</em></span> <span class='ocrx_word' id='word_1_210' title='bbox 325 3297 350 3350; x_wconf 86' lang='grc' dir='ltr'><strong>Α</strong></span> <span class='ocrx_word' id='word_1_211' title='bbox 370 3297 375 3362; x_wconf 91' lang='grc' dir='ltr'>Ι</span> <span class='ocrx_word' id='word_1_212' title='bbox 395 3301 457 3357; x_wconf 79' lang='grc' dir='ltr'><em>ταῖς</em></span> <span class='ocrx_word' id='word_1_213' title='bbox 475 3297 602 3365; x_wconf 88' lang='grc' dir='ltr'><em>κουρίαις</em></span> <span class='ocrx_word' id='word_1_214' title='bbox 621 3298 646 3351; x_wconf 87' lang='lat' dir='ltr'><strong>R</strong></span> <span class='ocrx_word' id='word_1_215' title='bbox 672 3317 736 3359; x_wconf 87' lang='grc' dir='ltr'><em>ταις</em></span> <span class='ocrx_word' id='word_1_216' title='bbox 754 3317 830 3383; x_wconf 77' lang='grc' dir='ltr'><em>φροιτ</em></span> <span class='ocrx_word' id='word_1_217' title='bbox 848 3316 893 3357; x_wconf 89' lang='grc' dir='ltr'><em>αις</em></span> <span class='ocrx_word' id='word_1_218' title='bbox 912 3296 934 3348; x_wconf 94' lang='grc' dir='ltr'><strong>Β</strong></span> <span class='ocrx_word' id='word_1_219' title='bbox 1012 3305 1046 3354; x_wconf 84' lang='grc'><em>10</em></span> <span class='ocrx_word' id='word_1_220' title='bbox 1063 3320 1073 3354; x_wconf 72' lang='grc' dir='ltr'><em>η</em></span> 
     </span>
     <span class='ocr_line' id='line_1_29' title="bbox 114 3304 1073 3452; baseline 0 -26"><span class='ocrx_word' id='word_1_221' title='bbox 114 3369 257 3442; x_wconf 87' lang='grc' dir='ltr'><em>ρίωναςΒ</em></span> <span class='ocrx_word' id='word_1_222' title='bbox 284 3368 435 3452; x_wconf 84' lang='grc' dir='ltr'><em>κουρίονας</em></span> <span class='ocrx_word' id='word_1_223' title='bbox 452 3367 478 3421; x_wconf 87' lang='grc' dir='ltr'><strong>Β</strong></span> <span class='ocrx_word' id='word_1_224' title='bbox 552 3374 583 3422; x_wconf 87' lang='grc'><em>11</em></span> <span class='ocrx_word' id='word_1_225' title='bbox 603 3361 673 3436; x_wconf 85' lang='grc' dir='ltr'><em>πρὸς</em></span> <span class='ocrx_word' id='word_1_226' title='bbox 697 3304 846 3430; x_wconf 60' lang='grc' dir='ltr'><em>αύτούςλύ</em></span> <span class='ocrx_word' id='word_1_227' title='bbox 917 3373 949 3420; x_wconf 80' lang='lat'><em>12</em></span> <span class='ocrx_word' id='word_1_228' title='bbox 970 3370 1073 3442; x_wconf 83' lang='grc' dir='ltr'><em>δεκουρ</em></span> 
     </span>
     <span class='ocr_line' id='line_1_30' title="bbox 114 3432 1066 3528; baseline -0.005 -31"><span class='ocrx_word' id='word_1_229' title='bbox 114 3460 168 3498; x_wconf 90' lang='lat' dir='ltr'><em>om.</em></span> <span class='ocrx_word' id='word_1_230' title='bbox 188 3441 241 3496; x_wconf 86' lang='grc' dir='ltr'><em>ΑΒ</em></span> <span class='ocrx_word' id='word_1_231' title='bbox 296 3446 328 3494; x_wconf 86' lang='grc'><em>13</em></span> <span class='ocrx_word' id='word_1_232' title='bbox 348 3432 583 3528; x_wconf 77' lang='grc' dir='ltr'><em>διετάχθησανΒ</em></span> <span class='ocrx_word' id='word_1_233' title='bbox 639 3435 708 3506; x_wconf 77' lang='grc' dir='ltr'><em>19η</em></span> <span class='ocrx_word' id='word_1_234' title='bbox 728 3439 791 3493; x_wconf 80' lang='lat' dir='ltr'><em>add</em></span> <span class='ocrx_word' id='word_1_235' title='bbox 812 3437 970 3493; x_wconf 79' lang='lat' dir='ltr'><strong>Ambrosch</strong></span> <span class='ocrx_word' id='word_1_236' title='bbox 1030 3449 1066 3498; x_wconf 79' lang='lat'><em>24</em></span> 
     </span>
    </p>
   </div>
   <div class='ocr_carea' id='block_1_5' title="bbox 109 3501 932 3580">
    <p class='ocr_par' dir='ltr' id='par_1_5' title="bbox 109 3501 932 3580">
     <span class='ocr_line' id='line_1_31' title="bbox 109 3501 932 3580; baseline -0.01 -11"><span class='ocrx_word' id='word_1_237' title='bbox 109 3534 163 3578; x_wconf 85' lang='grc' dir='ltr'><em>ους</em></span> <span class='ocrx_word' id='word_1_238' title='bbox 180 3514 204 3567; x_wconf 95' lang='grc' dir='ltr'><strong>Β</strong></span> <span class='ocrx_word' id='word_1_239' title='bbox 277 3518 311 3568; x_wconf 76' lang='lat'><em>25</em></span> <span class='ocrx_word' id='word_1_240' title='bbox 331 3505 464 3580; x_wconf 85' lang='grc' dir='ltr'><em>εόπόροις</em></span> <span class='ocrx_word' id='word_1_241' title='bbox 482 3510 527 3564; x_wconf 81' lang='lat' dir='ltr'><em>Ba</em></span> <span class='ocrx_word' id='word_1_242' title='bbox 543 3511 547 3579; x_wconf 89' lang='grc' dir='ltr'>Ι</span> <span class='ocrx_word' id='word_1_243' title='bbox 563 3505 618 3578; x_wconf 81' lang='grc' dir='ltr'><em>ἤδη</em></span> <span class='ocrx_word' id='word_1_244' title='bbox 637 3511 738 3570; x_wconf 80' lang='grc' dir='ltr'><em>παῖδες</em></span> <span class='ocrx_word' id='word_1_245' title='bbox 757 3501 835 3571; x_wconf 81' lang='grc' dir='ltr'><em>οἷς</em></span> <span class='ocrx_word' id='word_1_246' title='bbox 817 3527 890 3577; x_wconf 89' lang='grc' dir='ltr'><em>ησαν</em></span> <span class='ocrx_word' id='word_1_247' title='bbox 909 3510 932 3562; x_wconf 94' lang='grc' dir='ltr'><strong>Β</strong></span> 
     </span>
    </p>
   </div>
   <div class='ocr_carea' id='block_1_6' title="bbox 0 0 1224 3908">
    <p class='ocr_par' dir='ltr' id='par_1_6' title="bbox 0 0 1224 3908">
     <span class='ocr_line' id='line_1_32' title="bbox 0 0 1224 3908; baseline 0 0"><span class='ocrx_word' id='word_1_248' title='bbox 0 0 1224 3908; x_wconf 95' lang='lat' dir='ltr'><em> </em></span> 
     </span>
    </p>
   </div>
  </div>
 </body>
</html>
