2454 3916
518 225 683 279 -A-
1065 233 1108 297 οι

91 385 212 456 πολλοὶ
235 388 297 453 τού
322 389 483 473 δαίμονος
506 385 676 475 ἐπάνυμοι
694 388 750 456 καὶ
768 388 911 476 μάλιστα
936 394 970 459 οί
991 390 1107 461 σκόπε-

93 503 147 565 λοι
169 489 286 563 καὶτὰ
305 495 467 579 μετέωρα·

180 602 316 669 XXXV.
337 597 458 670 Ἰταλία
477 600 514 669 δὲ
535 598 602 669 ἀνά
625 601 751 690 χρόνον
772 600 957 689 ὠνομάσθη
982 601 1028 671 ἐπ’
1049 602 1107 672 ἀν-

92 707 175 798 δρὸς
198 705 370 776 δυνάστου
394 705 502 795 ὄνομα
521 705 660 776 Ἰταλοῦ.
703 713 825 778 τούτου
850 711 890 777 δέ
910 729 1016 795 φησιν
1036 709 1107 778 Ἀν-

90 823 205 904 τίοχος
224 812 492 901 δΣυρακούσιος
514 812 648 901 ἀγαθόν
670 816 726 883 καὶ
750 812 859 902 σοφὸν
882 820 1134 903 γεγενημένονι

37 934 71 986 89
89 923 147 990 καὶ
170 926 240 989 τῶν
267 920 509 1008 πλησιοχώρων
536 919 616 1000 τούς
645 920 708 1008 μὲν
730 921 846 1008 λόγοις
868 919 1109 1010 ἀναπείθοντα,

89 1027 172 1110 τούς
196 1027 234 1096 δδ
256 1033 315 1117 βίηι
337 1027 610 1115 προσαγόμενον,
633 1026 766 1097 ἅπασαν
789 1025 849 1115 ὑφ’
877 1029 984 1120 ἑαυτῷ
1012 1030 1107 1116 ποιή-

90 1145 221 1204 σασθαι
251 1131 312 1221 τὴν
342 1139 408 1222 γῆν
438 1132 500 1221 ὅση
532 1133 627 1214 ἐντὸς
655 1126 699 1222 ἦν
726 1139 794 1204 τῶν
822 1132 958 1203 κόλπων
984 1141 1046 1205 τού
1072 1164 1107 1205 τε

91 1245 295 1328 Ναπητίνου
308 1241 364 1308 καὶ
378 1245 439 1309 τού
453 1246 700 1327 Σκυλλητίνου·
714 1236 758 1328 ἣν
773 1238 815 1327 δὴ
829 1240 967 1329 πρώτην
980 1247 1107 1331 κληθη-

90 1375 150 1417 ναι
175 1346 320 1416 Ἰταλίαν
347 1348 400 1415 ἐπὶ
422 1351 484 1415 τοῦ
508 1345 645 1416 Ἰταλοῦ.
691 1349 761 1416 ἐπεὶ
785 1347 822 1416 δδ
845 1346 967 1434 ταύτης
992 1376 1107 1436 καρτε-
1121 1372 1147 1412 10

89 1453 152 1543 ρδς
173 1455 306 1539 ἐγένετο
333 1454 401 1547 καὶ.
417 1452 622 1542 ἀνθρώπους
649 1451 794 1533 πολλοὺς
821 1452 910 1541 εἶχεν
938 1450 1108 1541 ὑπηκόους

89 1559 199 1654 αύτῷ,
229 1556 348 1628 αύτίκα
376 1564 445 1628 τῶν
469 1563 638 1648 ἐχομένων
661 1563 881 1648 ἐπορέγεσθαι
903 1561 959 1627 καλ
994 1560 1107 1641 πόλεις

91 1668 304 1753 συνάγεσθαι
317 1666 455 1746 πολλάς·
478 1665 565 1734 εἶναι
581 1665 612 1733 δ’
630 1664 733 1735 αὐτὸν
749 1674 924 1756 Οἴνωτρον
942 1665 980 1736 τὸ
1000 1670 1106 1754 γένος.

83 1774 282 1853 Ἑλλάνικος
310 1773 347 1842 δὲ
371 1771 388 1842 ὁ
413 1774 557 1860 Λέσβιός
579 1793 684 1860 φησιν
708 1771 872 1862 Ἡρακλέα
894 1771 952 1854 τάς
975 1771 1145 1863 Γηρυό-2

88 1909 157 1951 νου
184 1884 267 1967 βοῦς
296 1878 528 1949 ἀπελαύνοντα
556 1884 603 1960 είς
621 1878 763 1967 Ἄργος,
796 1880 909 1968 ἐπειδη
937 1908 987 1961 τις
1015 1880 1103 1974 αύτῷ
1120 1904 1144 1946 ιι

88 1987 235 2076 δάμαλις
266 1985 512 2076 ἀποσκιρτήσας
546 1990 606 2073 τῆς
637 1985 757 2074 ἀγέλης
789 1989 825 2055 ἑν
860 1985 982 2079 Ἰταλίη
1014 1987 1105 2057 ἐόντι

88 2094 157 2182 ἤδη
182 2092 318 2180 φεύγων
347 2096 442 2182 διῆρε
465 2090 527 2179 τὴν
551 2091 654 2180 ἀκτὴν
683 2092 821 2163 καὶτὸν
845 2092 966 2182 μεταξὺ
989 2097 1105 2180 διανη-

89 2201 234 2289 ξάμενος
263 2199 372 2284 πόρου
402 2204 462 2287 τῆς
488 2199 657 2286 θαλάττης
690 2205 737 2280 είς
764 2205 924 2268 Σικελίαν
957 2199 1105 2287 ἀφίκετο,

88 2308 256 2397 ἐρόμενον
284 2304 336 2374 ἀεὶ
362 2305 441 2386 τούς
463 2309 662 2393 ἐπιχωρίους
684 2305 764 2376 καθ’
795 2303 855 2386 οὓς
878 2306 1032 2375 ἑκάστοτε
1055 2314 1104 2392 γί-

30 2430 70 2481 90
88 2440 187 2484 νοιτο
211 2410 344 2479 διώκων
367 2411 427 2480 τὸν
450 2412 606 2500 δάμαλιν,
631 2421 664 2479 εί
682 2437 727 2498 πη
750 2439 801 2492 τις
823 2410 927 2481 αύτδν
952 2410 1105 2501 ἑωρακὼς
1118 2435 1145 2475 ιο

87 2531 154 2608 εἴη,
176 2523 244 2588 τῶν
267 2521 348 2605 τῇδε
368 2516 562 2608 ἀνθρώπων
580 2516 741 2598 Ἑλλάδος
763 2518 824 2605 μὲν
839 2517 985 2605 γλάττης
1008 2517 1104 2604 ὀλίγα

87 2627 298 2710 συνιέντων,
329 2629 369 2714 τῇ
399 2625 436 2692 δὲ
462 2631 590 2717 πατρίῳ
619 2631 717 2715 φωνῇ
745 2624 828 2694 κατά
859 2624 918 2705 τάς
944 2623 1104 2712 μηνύσεις

85 2737 150 2802 τού
179 2730 265 2824 ζῴον
292 2730 487 2800 καλούντων
514 2731 574 2801 τὸν
600 2730 744 2819 δάμαλιν
776 2731 968 2816 οὐίτουλον,
993 2730 1103 2821 ὥσπερ

85 2840 145 2908 καὶ
175 2841 241 2906 νῦν
272 2839 416 2923 λέγεται,
444 2839 497 2906 ἐπὶ
519 2842 581 2906 τού
606 2837 693 2931 ζῴου
714 2836 777 2925 τὴν
800 2837 914 2927 χάραν
938 2837 1103 2927 ὀνομάσαι

160 3075 177 3124 9
196 3068 383 3135 Ναυπηιίνου
403 3065 426 3121 O
446 3070 475 3121 et
492 3067 646 3122 Antiochus
669 3067 744 3137 apud
767 3068 933 3123 Strabonem
946 3067 1031 3137 VIp.
1050 3074 1102 3122 255

85 3139 252 3212 Λαμητικοῦ
276 3137 360 3193 Arist.
383 3138 443 3193 Pol.
467 3139 519 3193 VII
542 3146 572 3208 9,
596 3145 612 3193 2
644 3144 709 3208 Λαμ
710 3142 808 3207 ητίνου
833 3156 856 3193 ο
882 3137 1015 3193 Cluverus
1039 3139 1102 3194 Ital

87 3214 147 3267 ant.
165 3230 193 3280 p.
215 3215 284 3263 1290
300 3211 304 3274 Ι
320 3210 520 3335 Σκυλλητικοῦἐ
530 3181 645 3264 Ηάδοοο
664 3227 698 3263 ex
690 3159 893 3264 pstrabonisl.
908 3209 926 3264 l
983 3216 1016 3264 10
1036 3230 1102 3276 καρ-

85 3279 169 3406 “2‘3‘
187 3282 238 3405 ΑΞ
263 3274 709 3406 ²<53²>2533⁰issaf⁷0“⁰ffi?21⁶125b
734 3358 768 3405 τι
782 3287 832 3406 λλ,
845 3275 989 3404 *ἀλλ
1006 3279 1102 3403 ἀλλά

86 3372 304 3548 ἀῖδὲἀοὶἑοηὶὲ
329 3427 360 3476 19
333 3371 446 3548 Βτοάις
464 3417 528 3478 ανεὶ
547 3440 570 3478 ο
586 3423 675 3477 Cobet
690 3421 754 3476 obs.
769 3440 796 3491 p
811 3372 848 3476 29c
900 3426 934 3473 23
954 3369 1102 3473 ίτούλάνΒ

195 3513 217 3546 π
286 3486 343 3547 ἀπὸ
