2454 3916
151 220 216 286 158
499 220 734 275 “-Β-

51 430 57 441 ·
109 382 236 470 6νηρὰ
260 380 502 468 ἐπιτηδεύματα
526 383 694 449 ἐπιτελεῖν.
734 385 797 467 ἔφη
816 404 851 448 τε
869 380 958 469 παρά
976 383 1045 449 τῶν
1068 399 1162 465 πρεσ-

148 488 300 574 βυτέρων
317 487 373 555 καί
393 486 449 555 διά
467 491 591 573 πολλῆς
610 491 758 572 ἱστορίας
777 487 994 573 ἐληλυθότων
1013 483 1162 573 ἀκούειν,

149 591 201 662 ὅτι
224 595 345 663 πολλαὶ
368 594 430 682 μὲν
457 590 607 662 ἀποικίαι
634 592 776 681 μεγάλαι
801 592 857 660 καί
885 597 933 674 είς
960 591 1163 681 εὐδαίμονας

149 698 352 790 ἀφικόμεναι
379 700 517 787 τόπους,
549 703 587 768 αί
611 700 672 787 μὲν
701 699 819 769 αὐτίκα
853 699 1091 790 διεφθάρησαν
1118 705 1165 780 είς

122 806 280 888 σστάσεις
303 810 517 896 ἐμπεσοῦσαι,
541 811 578 875 αί
600 805 631 874 δ’
654 805 772 894 ὀλίγον
794 803 1014 894 ἀντισχοῦσαι
1037 807 1167 895 χρόνον-

148 912 292 1001 ῦπήκοοι
323 927 393 994 τοῖς
425 912 667 1003 πλησιοχώροις
699 911 967 1002 ἠναγκάσθησαν
998 914 1206 999 γενέσθαιελτ

147 1022 204 1088 καὶ
227 1019 304 1090 ἀντὶ
326 1027 517 1109 κρείττονος
538 1020 659 1107 χωρας,
683 1016 726 1108 ἣν
749 1021 921 1107 κατέσχον,
943 1018 1006 1107 τὴν
1028 1028 1164 1111 χείρονα

147 1126 254 1214 τύχην
281 1127 527 1210 διαλλάξασθαι
558 1132 679 1195 δοῦλαι
703 1129 736 1209 έξ
760 1128 950 1216 ἐλευθέρων
972 1129 1164 1215 γενόμεναι·

149 1233 257 1319 ἕτεραι
281 1232 312 1302 δ’
340 1232 593 1321 ὀλιγάνθρωποι
616 1236 672 1302 καὶ
695 1238 743 1314 είς
760 1239 865 1321 χωρία
889 1231 930 1302 οὐ
949 1233 1041 1302 πάνυ
1065 1253 1164 1302 σπου-

110 1366 137 1410 ιο
151 1344 228 1408 δαία
261 1342 529 1430 παραγενόμεναι
567 1343 742 1430 ἐλεύθεραι
778 1340 841 1428 μὲν
871 1343 1021 1430 πρῶτον,
1055 1346 1166 1409 ἔπειτα

150 1448 181 1514 δ’
207 1448 329 1536 ἐτέρων
353 1447 518 1536 άρχουσαι
542 1449 743 1516 διετέλεσαν·
772 1447 828 1515 καὶ
851 1445 928 1515 οὐτε
951 1459 1024 1527 ταῖς
1047 1444 1165 1538 εὐπρα-

149 1559 238 1639 γίαις
264 1558 332 1623 τῶν
361 1553 487 1642 ὀλίγων
514 1553 591 1623 οὐτε
619 1568 691 1634 ταίς
718 1558 912 1640 δυστυχίαις
937 1556 1006 1621 τῶν
1029 1558 1165 1623 πολλῶν

150 1660 265 1749 ἕτερόν
286 1686 319 1730 τι
342 1657 363 1749 ἢ
387 1661 425 1730 τὸ
449 1666 508 1749 τῆς
530 1666 697 1741 πολιτείας
724 1665 832 1747 σχῆμα
859 1658 1021 1750 ὑπάρχειν
1045 1669 1165 1730 αίτιον.

111 1773 129 1836 7
151 1772 182 1834 εί
207 1767 268 1854 μὲν
297 1760 360 1835 οῦν
389 1774 448 1856 μία
477 1795 525 1848 τις
551 1760 595 1855 ἦν
622 1765 712 1856 παρὰ
740 1771 845 1835 πάσιν
867 1762 1065 1854 ἀνθρώποις
1087 1772 1165 1853 βίον

110 1904 136 1946 ιο
149 1872 240 1955 τάξις
265 1870 287 1960 ἡ
310 1877 456 1942 ποιοῦσα
485 1872 689 1962 εὐδαίμονας
714 1872 774 1954 τάς
796 1872 924 1959 πόλεις,
952 1870 995 1941 οὐ
1017 1871 1164 1961 χαλεπὴν

150 1975 193 2047 ἀν
225 1981 385 2066 γενέσθαι
417 1986 513 2068 σφίσι
544 1979 607 2068 τὴν
635 1984 766 2066 αἵρεσιν
794 1976 910 2066 αὐτῆς·
946 1983 1014 2049 νῦν
1042 1977 1075 2048 δ’
1101 1985 1164 2068 ἔφη

150 2085 275 2165 πολλὰς
298 2085 538 2155 πυνθάνεσθαι
559 2086 620 2166 τὰς
642 2086 847 2167 κατασκευὰς
872 2082 951 2176 παρ’
969 2084 1113 2175 Ἕλλησί
1131 2113 1164 2156 τε

149 2192 206 2260 καί
229 2191 414 2280 βαρβάροις
435 2191 666 2279 ὑπαρχούσας,
692 2207 780 2282 τρεῖς
804 2193 835 2262 δ’
858 2196 891 2276 έξ
913 2191 1055 2263 ἀπασῶν
1077 2196 1164 2262 ἐπαι-

149 2302 319 2388 νουμένας
345 2299 488 2388 μάλιστα
519 2296 584 2369 ὐπὸ
617 2303 686 2368 τῶν
718 2301 901 2394 χρωμένων
929 2297 1083 2387 ἀκούειν,
1111 2301 1164 2370 καί

110 2407 280 2478 εοτούτων
324 2405 485 2494 οὐδεμίαν
527 2405 614 2475 είναι
659 2410 729 2475 τῶν
769 2410 947 2476 πολιτειῶν
990 2410 1164 2495 είλικρινῆ,

148 2528 323 2601 προσεῖναι
352 2516 392 2583 δέ
421 2530 530 2595 τινας
547 2514 667 2602 ἑκάστη
700 2517 805 2602 κῆρας
837 2512 1049 2601 συμφύτους,
1083 2513 1165 2584 ῶστε

148 2618 296 2709 χαλεπὴν
324 2619 437 2689 αὐτῶν
466 2619 554 2689 εἶναι
581 2618 643 2708 τὴν
671 2624 810 2705 αἵρεσιν.
855 2618 952 2707 ἠξίου
979 2647 1014 2689 τε
1043 2619 1166 2701 αὐτούς

83 2740 89 2749 ’
148 2728 442 2814 βουλευσαμένους
470 2728 522 2796 ἐπὶ
550 2731 672 2815 σχολῆς
699 2731 805 2796 είπετν
834 2736 898 2795 είτε
921 2724 982 2814 ὑφ’
1009 2725 1086 2808 ἑνὸς
1109 2726 1165 2816 ἀρ

149 2843 269 2920 χεσθαι
292 2835 456 2903 θέλουσιν
478 2832 604 2923 ἀνδρὸς
626 2844 690 2902 είτε
718 2831 775 2902 ὑπ’
802 2831 927 2919 ὀλίγων
951 2842 1015 2902 είτε
1038 2835 1168 2923 νόμους

109 2969 135 3010 τε
149 2939 435 3028 καταστησάμενοι
471 2944 574 3009 πᾶσιν
606 2939 798 3009 ἀποδοῦναι
834 2939 896 3027 τὴν
932 2944 1001 3009 τῶν
1037 2946 1166 3012 κοινῶν

110 3050 129 3116 8
148 3054 363 3135 προστασίαν.
403 3044 486 3134 Ἐγὼ
507 3043 538 3113 δ’
559 3044 652 3134 ὑμῖν,
677 3053 752 3135 ἔφη,
770 3045 855 3133 πρὸς
872 3043 916 3134 ἣν
939 3043 982 3116 ἀν
1000 3048 1212 3136 καταπτῇ-243

150 3163 258 3240 σησθε
276 3159 461 3239 ,πολιτείαν
494 3152 654 3242 εὐτρεπὴς
684 3155 740 3222 καὶ
779 3151 856 3222 οὐτε
887 3152 1004 3242 ἀρχειν
1036 3151 1166 3237 ἀπαξιῶ

222 3347 306 3405 13τό
326 3349 419 3418 σχῆμα
437 3349 486 3418 τῆς
509 3351 653 3412 πολιτείας
670 3350 693 3403 Β
772 3354 805 3405 15
824 3343 841 3417 ἡ
862 3349 925 3404 add.
946 3349 968 3403 B
1049 3356 1082 3406 16
1101 3353 1166 3422 σφί-

150 3438 195 3475 σιν
213 3423 238 3475 Α
321 3425 353 3474 17
373 3416 424 3482 τάς
443 3420 540 3474 om.A
622 3426 656 3476 25
675 3417 776 3490 κοινὴν
799 3421 886 3475 πᾶσιν
912 3437 934 3476 σ.
954 3421 1058 3478 Reiske
1131 3427 1165 3478 26

150 3492 256 3561 προςῇν
276 3487 328 3546 ἐὰν
347 3493 372 3545 Α
389 3489 459 3561 πρὸς
477 3488 509 3547 τό
528 3489 600 3547 νέαν
616 3492 639 3546 Β
655 3495 660 3562 Ι
676 3487 910 3561 καταστήσασθαι
928 3491 950 3545 Β
