2454 3916
527 255 691 309 -B-

100 409 329 498 βουλεύματος
355 411 483 502 άρξασα
514 416 571 484 καί
601 413 664 502 τήν
691 412 877 502 ἡγεμονίαν
907 419 1030 500 ἔχουσα
1056 416 1115 500 τής

99 524 278 608 πρεσβείας
291 516 442 607 Ἑρσιλία
459 520 589 610 μακράν
607 523 663 589 καὶ
682 524 844 608 συμπαθῆ
864 523 1020 606 διεξῆλθε
1039 523 1115 607 δέη-

100 644 173 710 σιν,
196 623 337 706 ἀξιοῦσα
359 633 564 716 χαρίσασθαι
590 625 652 715 τήν
681 629 821 716 εἰρήνην
843 641 916 706 ταῖς
939 629 1114 714 δεομέναις

99 730 184 820 ῦπέρ
212 736 281 800 τεόν
309 730 461 821 ἀνδρῶν,
491 734 536 802 δι’
566 731 607 814 ῦς
634 736 851 821 ἐξενηνέχθαι
878 731 939 802 τὸν
966 731 1114 820 πόλεμον

100 837 302 926 άπέφαινεν·
326 839 379 928 ἐφ’
406 836 457 921 οἷς
484 842 522 910 δὲ
545 841 745 929 γενήσονται
775 845 917 920 δικαίοις
940 843 977 908 αί
998 838 1114 907 διαλύ-
1141 859 1154 900 ⁵

100 966 182 1032 σεις,
204 945 283 1026 τοῦς
305 945 474 1036 ἡγεμόνας
501 947 623 1028 αὐτούς
651 947 884 1028 συνελθόντας
906 945 959 1034 ἐφ’
986 947 1115 1014 ἑαυτῶν

102 1054 416 1141 διομολογήσασθαι
443 1053 527 1142 πρὸς
553 1053 591 1124 τὸ
619 1060 717 1144 κοινή
751 1055 926 1143 συμφέρον
955 1051 1116 1142 ὁρῶντας.

191 1161 372 1228 XXXXV'I.
413 1165 558 1229 Τοιαῦτα
586 1166 741 1230 εἰποῦσαι
768 1161 961 1251 προύπεσον
989 1159 1115 1229 ἅπασαι

100 1270 171 1334 τῶν
194 1269 254 1335 τοῦ
277 1270 441 1353 βασιλέως
463 1267 618 1355 γονάτων
642 1267 710 1357 ἅμα
727 1283 798 1349 τοϊς
817 1271 948 1348 τέκνοις
969 1269 1025 1336 καὶ
1049 1271 1115 1337 διέ-

101 1401 207 1461 μενον
232 1377 440 1462 ἐρριμμέναι,
461 1378 543 1455 τέως
570 1373 759 1463 ἀνέστησαν
787 1374 890 1455 αῦτόις
917 1378 952 1443 ἐκ
974 1379 1033 1461 τής
1054 1378 1116 1461 γῆς
1130 1403 1156 1442 ιο

102 1484 139 1548 οἰ
154 1480 318 1569 παρόντες
340 1479 472 1550 ἅπαντα
494 1481 648 1568 ποιήσειν
672 1481 712 1551 τά
735 1484 852 1570 μέτρια
874 1482 930 1549 καὶ
949 1478 1032 1568 <τά>
1056 1484 1116 1549 δυ-

101 1584 187 1654 νατά
206 1584 480 1674 ὑπισχνούμενοι.
521 1587 805 1676 μεταστησάμενοι
826 1587 863 1656 δὲ
881 1586 983 1667 αύτόις
1002 1591 1037 1656 ἐκ
1055 1590 1116 1680 τοῦ

102 1697 288 1780 συνεδρίου
317 1695 372 1762 καὶ
403 1695 672 1783 βουλευσάμενοι
703 1693 782 1763 καθ’
807 1692 946 1774 ἑαυτούς
978 1699 1116 1781 ἔκριναν

101 1808 277 1868 ποιεῖσθαι
303 1798 362 1880 τάς
386 1800 576 1887 διαλλαγάς.
620 1802 676 1869 καὶ
703 1807 867 1896 γίνονταιγ
883 1814 954 1881 τοϊς
976 1807 1115 1870 ἔθνεσιν

102 1907 278 1995 ἐκεχειρίαι
302 1907 364 1994 μὲν
386 1912 535 1994 πρῶτον·
568 1913 679 1986 ἔπειτα
701 1906 942 1976 συνελθόντων
965 1912 1033 1976 τῦν
1057 1915 1115 1996 βα-
1132 1932 1156 1974 ιε

46 2015 230 2082 333σιλέων
255 2019 424 2102 συνθήκαι
452 2017 528 2104 περὶ
555 2022 678 2104 φιλίας.
722 2008 767 2103 ήν
796 2016 833 2083 δέ
862 2015 902 2084 τά
930 2016 1151 2103 συνομολο-2

101 2122 253 2206 γηθέντα
280 2128 350 2200 τὸϊς
377 2119 538 2210 άνδράσι,
565 2123 641 2211 περὶ
670 2114 718 2190 ὧν
745 2121 824 2201 τοὺς
854 2120 976 2209 ὅρκους
1005 2122 1116 2208 έποιή-

102 2245 219 2312 σαντο,
240 2225 368 2294 τοιάδε·
391 2230 548 2313 βασιλέας
570 2228 632 2315 μέν
651 2226 739 2296 εἰναι
753 2225 927 2316 Ῥωμαίων
944 2226 1115 2316 Ῥωμύλου

101 2334 159 2401 καὶ
187 2332 309 2402 Τάτιον
334 2333 525 2421 ἰσοψήφους
548 2333 648 2414 όντας
669 2336 726 2403 καί
747 2333 844 2422 τιμάς
861 2338 1117 2423 καρπουμένους

102 2439 162 2520 τάς
181 2449 265 2527 ἰσας,
279 2449 456 2509 καλεῖσθαι
477 2441 514 2510 δὲ
527 2439 589 2529 τήν
604 2440 666 2529 μέν
680 2440 780 2510 πόλιν
796 2442 849 2509 έπί
866 2445 928 2509 τοῦ
942 2447 1116 2523 κτίσαντος
1130 2468 1156 2508 ιο

64 2572 73 2585 ·
101 2547 142 2616 τὸ
166 2545 248 2616 αῦτὸ
271 2548 510 2636 φυλάττουσαν
530 2546 638 2636 όνομα
657 2546 799 2636 Ῥώμην,
817 2549 874 2616 καί
893 2550 953 2616 ἕνα
976 2551 1116 2618 ἕκαστον

102 2658 173 2724 τεόν
201 2657 238 2724 έν
266 2653 349 2744 αὐτῇ
376 2660 523 2724 πολιτῶν
546 2653 726 2743 Ῥωμαῖον,
760 2651 805 2735 ὡς
831 2653 1011 2744 πρότερον,
1038 2655 1118 2737 τοῦς

103 2761 143 2830 δὲ
172 2761 366 2849 σύμπαντας
397 2763 449 2830 έπί
476 2766 535 2849 τής
565 2767 688 2830 Τατίου
716 2765 878 2850 πατρίδος
905 2767 1003 2852 κοινή
1026 2787 1117 2851 περι-

103 2872 383 2957 λαμβανομένους
409 2869 524 2957 κλήσει
556 2875 718 2956 Κυρίτας·
749 2868 938 2937 πολιτεύειν
971 2868 1009 2936 δέ
1039 2868 1118 2951 τοὺς

102 2979 335 3065 βουλομένους
362 2981 524 3061 Σαβίνων
557 2972 721 3064 ένῬάμη
750 2975 823 3061 ἰερά
854 3002 890 3044 τε
918 2993 1117 3063 συνενεγκα-
1131 3005 1158 3046 τε

104 3087 230 3173 μένους
256 3083 312 3150 καὶ
341 3087 388 3176 εἰς
415 3081 525 3170 φυλάς
547 3083 603 3150 καί
635 3088 683 3163 εἰς
710 3081 862 3171 φράτρας
889 3085 1116 3166 ἐπιδοθέντας.

177 3309 376 3383 ὁάπέφαινεν
399 3314 453 3370 del.
477 3313 606 3369 Hertlein
627 3313 744 3370 Hermes
762 3314 789 3368 X
811 3332 838 3384 p.
858 3319 911 3369 410
980 3293 1022 3367 Ι10
1047 3309 1117 3374 τέως

103 3387 181 3441 ABa
204 3384 256 3448 ἕως
276 3387 322 3441 Bb
405 3391 436 3440 11
462 3379 517 3440 *τά
542 3385 639 3440 addidi
661 3403 715 3442 om.
742 3384 765 3439 Ο
849 3390 881 3439 15
906 3379 1117 3452 έκκεχειρίαιΒ

103 3460 322 3591 ήὲςβχοιὲηήηήθ
378 3463 411 3512 26
431 3455 473 3519 εἰς
497 3453 666 3528 φράτραςΒ
695 3454 735 3518 εἰς
754 3472 808 3510 om.
827 3457 852 3509 R
876 3455 881 3526 Ι
907 3449 1117 3522 έπιδιαιρεθέν-
