2454 3916
576 236 740 290 -B-

148 399 257 473 πείαις
284 395 536 482 ἐξιλασκόμενοι
567 393 749 482 κατάγουσι
776 395 879 464 πάλιν
911 400 958 475 είς
990 394 1027 464 τὸ
1057 397 1164 484 ίερόν·

147 498 231 587 ὑπὲρ
256 493 305 570 ἀν
327 501 410 569 κατά
433 501 494 571 τὸν
518 507 644 571 οίκεῖον
665 500 786 590 καιρὸν
810 504 884 588 ἐρῶ.

169 598 206 661 >
236 609 385 677 LXVIII.
417 608 520 677 Πάνυ
538 607 570 676 δ’
588 607 684 691 ἀξιον
701 610 758 677 καί
776 608 838 696 τὴν
858 607 1057 696 έπιφάνειαν
1077 612 1164 679 ίστο-

147 717 248 801 ρῆσαι
279 719 338 802 τῆς
368 719 481 802 θεᾶς,
501 712 544 803 ἣν
572 718 761 798 ἐπεδείξατο
788 730 862 796 ταῖς
893 713 1017 796 ἀδίκως
1049 719 1164 804 έγκλη-

107 848 120 888 ε
147 825 281 902 θείσαις
312 823 513 909 παρθένοις,
545 827 759 892 πεπίστευται
789 821 856 910 γὰρ
888 819 953 890 ὑπὸ
978 820 1163 910 Ῥωμαίων,

147 931 178 994 εί
203 927 260 995 καὶ
286 926 460 1015 παρόδοξά
493 931 578 1015 έστι,
605 930 662 997 καὶ
693 929 803 997 πολύν
830 934 1028 1015 πεποίηνται
1060 928 1165 1016 λόγου

111 1029 232 1119 λύπέρ
256 1032 369 1103 αὐτῶν
393 1038 429 1102 οί
449 1047 665 1123 συγγραφεῖς.
706 1033 781 1104 ὅσοι
799 1034 861 1122 μὲν
881 1026 1020 1116 οὖντὰς
1038 1032 1164 1117 ἀθέους

148 1136 292 1207 ἀσκοῦσι
315 1146 534 1228 φιλοσοφίας,
557 1146 588 1209 εί
615 1139 657 1228 δὴ
679 1142 736 1209 καί
759 1145 962 1229 φιλοσοφίας
987 1139 1092 1222 αύτάς
1115 1147 1170 1212 δεῖ

147 1253 280 1332 καλεῖν,
325 1244 458 1327 ἁπάσας
502 1247 722 1336 διασύροντες
761 1249 821 1328 τάς
862 1250 1058 1335 ἐπιφανείας
1096 1254 1166 1318 τῶν

109 1371 134 1412 1⁰
146 1355 241 1421 θεῶν
268 1351 327 1434 τάς
354 1352 432 1439 παρ’
450 1352 610 1441 Ἕλλησιν
637 1351 659 1441 ἢ
688 1338 872 1442 βαρβάροις
899 1356 1084 1441 γενομένας
1110 1358 1167 1425 καὶ

146 1461 269 1539 ταύτας
292 1466 339 1541 είς
362 1463 490 1546 γέλωτα
512 1460 621 1530 πολύν
650 1462 770 1544 ἀξονσι
797 1460 855 1542 τάς
878 1465 1027 1548 ίστορίας
1049 1460 1132 1546 ἀλαζ
1152 1508 1166 1517 -

147 1571 255 1646 νείαις
290 1565 525 1654 ἀνθρωπίναις
561 1566 663 1649 αύτάς
700 1566 931 1654 ἀνατιθέντες,
968 1565 1013 1647 ὡς
1050 1567 1167 1640 ούδενὶ

148 1676 243 1742 θεῶν
272 1676 375 1761 μέλον
407 1674 603 1763 ἀνθρώπων
632 1675 782 1756 οὐδενός.
833 1673 909 1744 ὅσοι
937 1673 969 1742 δ’
996 1673 1059 1744 ούκ
1086 1674 1167 1748 ἀπο-

149 1779 270 1849 λύουσι
298 1784 357 1869 τῆς
379 1780 599 1870 ἀνθρωπίνης
627 1773 811 1871 ἐπιμελείας
836 1781 915 1863 τούς
937 1781 1055 1870 θεούς,
1079 1767 1166 1855 ἀλλά

110 1912 135 1955 ιε
148 1889 205 1957 καὶ
232 1898 303 1967 τοῖς
329 1887 473 1975 ἀγαθοῖς
500 1888 650 1977 εὐμενεῖς
681 1888 769 1958 εἶναι
801 1895 976 1977 νομίζουσι
1007 1890 1064 1957 καὶ
1096 1905 1166 1973 τοῖς

148 2009 264 2074 κακοῖς
300 1999 477 2083 δυσμενεῖς
513 1996 570 2065 διά
609 2001 735 2084 πολλῆς
771 1995 972 2083 ἐληλυθότες
1008 1997 1167 2089 ἱστορίας,

152 2101 233 2171 ούδδ
258 2100 381 2184 ταύτας
407 2101 640 2189 ὑπολήψονται
668 2101 727 2184 τάς
754 2105 949 2190 ἐπιφανείας
976 2100 1065 2172 εἶναι
1095 2101 1168 2173 ἀπί·

115 2211 259 2293 3στους;
313 2212 442 2296 λέγεται
476 2207 519 2297 δή
550 2233 629 2278 ποτε
660 2213 722 2278 τοῦ
752 2209 860 2299 πυρὸς
891 2209 1086 2291 έκλιπόντος
1120 2209 1165 2279 δι’

151 2317 334 2407 ὀλιγωρίαν
356 2315 433 2386 τινά
461 2321 520 2404 τῆς
544 2315 619 2384 τότε
646 2306 729 2385 αύτδ
753 2315 986 2403 φυλαττούσης
1008 2321 1168 2404 Αίμιλίας

110 2442 136 2482 ²⁰
151 2428 246 2516 ἑτέρᾳ
269 2424 429 2516 παρθένφ
457 2434 526 2493 τῶν
559 2424 679 2493 νεωστὶ
710 2418 972 2510 κατειλεγμένων
1003 2424 1059 2492 καὶ
1087 2423 1214 2513 ἀρτιεεε

150 2535 403 2622 μανθανουσῶν
447 2529 663 2620 παραδούσης
706 2529 768 2618 τὴν
802 2531 999 2617 Ιέπιμέλειαν
1039 2531 1168 2620 ταραχὴ

150 2637 257 2727 πολλὴ
286 2640 447 2726 γενέσθαι
479 2637 562 2705 κατά
593 2635 655 2725 τὴν
690 2635 790 2705 πόλιν
823 2634 908 2723 ὅλην
942 2641 999 2705 καλ
1036 2637 1170 2725 ζήτησις

151 2745 215 2816 ύπδ
239 2750 308 2814 τάν
332 2749 559 2834 ἱεροφαντῶν,
585 2742 631 2832 μή
654 2771 686 2813 τι
709 2748 836 2832 μίασμα
857 2743 933 2841 περί
955 2742 993 2812 τὸ
1017 2748 1086 2832 πῦρ
1109 2749 1168 2833 τῆς

152 2857 273 2942 ίερείας
300 2852 460 2939 ἐτύγχανε
491 2851 644 2943 γεγονός·
676 2855 763 2919 ἔνθα
795 2849 839 2938 δή
867 2871 951 2938 φασι
978 2848 1040 2938 τὴν
1068 2857 1169 2940 Αἰμι-

113 2980 139 3022 26
153 2965 244 3028 λίαν
263 2957 417 3028 ἀναίτιον
450 2957 512 3047 μδν
545 2950 667 3045 οὖσαν,
700 2955 939 3047 ἀπορουμένην
973 2955 1004 3025 δ’
1035 2958 1089 3026 έπὶ
1121 2960 1167 3052 τῷ

153 3065 377 3155 συμβεβηκότι
408 3065 588 3156 παρόντων
619 3069 688 3134 τῶν
721 3066 838 3154 ίερέων
870 3065 927 3133 καὶ
957 3068 1027 3134 τῶν
1054 3063 1169 3134 ἀλλων

151 3175 334 3263 παρθένων
362 3172 419 3255 τάς
446 3187 558 3263 χεῖρας
586 3171 638 3240 έπλ
667 3170 727 3241 τὸν
756 3170 873 3259 βωμόν
901 3174 1096 3241 ἐκτείνασαν
1126 3176 1169 3241 εί-

225 3375 258 3426 10
277 3369 429 3440 γινομένας
447 3368 470 3422 Β
543 3373 574 3422 11
596 3363 757 3441 <αύ>ξουσι
775 3369 798 3422 Β
872 3372 904 3423 17
925 3365 999 3423 εἶναι
1019 3384 1074 3423 om.
1094 3369 1169 3424 ABa

154 3447 188 3498 18
208 3437 425 3503 έκλείποντοςΑ
498 3445 532 3494 19
551 3437 747 3509 φυλαττούσης
764 3437 915 3508 παρθένον
930 3438 1059 3509 Αἰμιλίας
1077 3434 1168 3511 ὄνομα

153 3530 176 3568 ο.
196 3513 351 3570 Ambroseh
424 3517 459 3567 24
478 3508 604 3582 πίμιλίαν
623 3512 716 3565 αἴτιον
736 3511 782 3566 Aa
800 3511 846 3566 Ba
