2454 3916
496 237 661 290 ..B-

68 394 258 483 ἱερωσύνης
275 404 466 483 γαμεῖσθαι.
506 396 561 463 καὶ
585 393 746 481 ἐποίησάν
765 422 854 475 τινες
870 398 970 464 τούτο
994 393 1084 462 πάνυ

69 501 198 589 ὄληαι,
222 496 276 582 αἷς
302 501 416 590 άζηλοι
444 505 637 589 συνέβησαν
663 505 701 570 αί
725 503 875 571 τελευταὶ
901 505 970 570 τῶν
997 506 1083 588 βίων

68 610 128 678 καί
152 607 193 677 ού
214 608 306 678 πάνυ
329 607 491 696 εὐτυχεῖς,
519 606 603 676 ὥστε
631 607 676 678 δι’
704 614 829 678 οἰωνοῦ
851 607 1084 696 λαμβάνουσαι

62 715 129 797 ,τάς
157 718 295 786 ἐκείνων
327 714 505 804 συμφοράς
535 718 573 784 αί
603 715 717 785 λοιπαὶ
747 718 914 804 παρθένοι
944 717 1085 803 μένουσι

68 821 160 912 παρὰ
191 826 232 913 τῇ
264 827 335 915 θεῷ
367 825 464 912 μέχρι
490 822 661 908 θανάτου,
692 821 767 891 τότε
795 821 834 890 δὲ
865 827 913 902 είς
938 818 999 890 τὸν
1026 824 1112 908 τῆςε

69 929 271 1017 ἐκλιπούσης
298 928 448 1019 ἀριθμὸν
483 930 578 1018 ἑτέρα
609 929 711 998 πάλιν
737 926 805 998 ὑπὸ
831 933 899 998 τῶν
928 931 1085 1016 ίεροφαν-
1157 986 1159 990 ,

68 1042 140 1106 τῶν
163 1035 410 1106 ἀποδείκνυται.
450 1038 542 1124 τιμαὶ
562 1036 600 1106 δὲ
617 1035 735 1117 αὑταῖς
753 1034 977 1105 ἀποδέδονται
995 1033 1084 1120 παρὰ
1099 1035 1119 1100 3

69 1148 130 1232 τῆς
155 1144 284 1224 πόλεως
315 1145 435 1213 πολλαὶ
467 1145 523 1212 καί
549 1150 664 1230 καλαί,
696 1141 741 1211 δι’
754 1205 757 1207 Α
771 1139 812 1223 ἃς
843 1141 921 1212 ούτε
952 1145 1084 1211 παίδων

22 1249 194 1332 ῖὸοαὺταῖς
216 1253 285 1321 ἐστι
306 1251 416 1331 πόθος
440 1248 517 1320 ούτε
539 1249 672 1337 γάμων,
699 1255 856 1339 τιμωρίαι
877 1275 913 1318 τε
939 1250 992 1317 ἐπὶ
1013 1263 1086 1328 τοῖς

69 1355 359 1446 ἁμαρτανομένοις
399 1371 526 1426 κεῖνται
562 1355 737 1444 μεγάλαι,
761 1347 810 1424 ὧν
847 1358 1018 1438 ἐξετασταί
1050 1381 1085 1423 τε
1099 1381 1127 1420 ιο

69 1465 127 1532 καί
152 1465 314 1533 κολασταὶ
345 1463 428 1533 κατὰ
459 1463 568 1551 νόμον
601 1464 687 1532 είσὶν
720 1464 758 1529 οί
786 1460 997 1550 ἱεροφάνται,
1028 1458 1086 1540 τὰς

70 1569 134 1659 μὲν
162 1569 244 1639 άλλο
275 1598 308 1639 τι
339 1573 408 1638 τῶν
435 1569 624 1638 ἐλαττόνων
656 1567 914 1658 ἁμαρτανούσας
945 1566 1086 1655 ῥάβδοις

70 1681 326 1766 μαστιγοῦντες,
366 1674 425 1757 τὰς
462 1676 499 1768 δέ
535 1681 725 1764 φθαρείσας
764 1679 922 1766 αἰσχίστῳ
955 1700 994 1772 7τε
1029 1675 1086 1743 καὶ

70 1783 285 1877 ἐλεεινοτάτῳ
321 1779 565 1872 παραδιδόντες
600 1782 748 1874 θανάτῳ.
808 1787 908 1866 ζῶσαι
940 1780 1003 1870 γὰρ
1036 1778 1120 1850 ἔτι4
1174 1813 1176 1816 ’

69 1891 303 1980 πομπεύουσιν
333 1893 386 1959 ἐπὶ
412 1896 529 1978 κλίνης
555 1889 739 1978 φερόμεναι
765 1888 828 1977 τὴν
850 1887 1085 1977 άποδεδειγμέ-
1100 1911 1125 1952 15

70 2025 138 2085 νην
160 2013 230 2078 τοῖς
253 2009 385 2087 νεκροῖς
412 1997 576 2085 ἐκφοράν,
598 1994 876 2084 ἀνακλαιομένων
905 1993 1008 2076 αὑτὰς
1029 1997 1085 2065 καί

69 2103 338 2193 προπεμπόντων
370 2109 480 2191 φίλων
507 2129 543 2172 τε
568 2103 626 2171 καὶ
653 2106 843 2190 συγγενῶν,
871 2113 1086 2191 κομισθεῖσαι

71 2211 111 2279 δὲ
135 2212 229 2300 μέχρι
251 2215 310 2298 τῆς
327 2215 497 2296 Κολλίνης
518 2209 636 2297 πύλης,
655 2209 750 2291 ἐντὸς
766 2217 896 2298 τείχους
914 2215 962 2290 είς
978 2207 1085 2296 σηκὸν

69 2316 138 2388 ὑπὸ
161 2322 222 2406 γῆς
243 2317 551 2404 κατεσκευασμένον
574 2315 641 2404 άμα
661 2330 732 2396 τοῖς
754 2317 925 2402 ἐνταφίοις
946 2315 1087 2403 κόσμοις

70 2431 223 2495 τίθενται
253 2425 311 2494 καλ
339 2422 410 2494 οὔτ’
436 2423 655 2511 ἐπιστήματος
687 2421 757 2491 οὔτ’
789 2425 980 2511 ἐναγισμῶν
1012 2419 1084 2492 ούτῖ
1100 2443 1126 2484 20

25 2603 28 2608 ,
70 2530 181 2600 άλλου
202 2534 271 2599 τῶν
294 2534 448 2618 νομίμων
472 2527 613 2610 ούδενὸς
636 2528 851 2617 τυγχάνουσι.
895 2526 1002 2597 πολλὰ
1024 2528 1126 2616 μὲνὸ

72 2630 138 2707 οὑν
165 2638 220 2706 καὶ
253 2636 339 2706 άλλα
369 2641 463 2706 δοκεῖ
487 2636 665 2733 μηνύματα
692 2634 780 2706 εἶναι
809 2663 868 2724 της
895 2634 955 2724 ούχ
986 2632 1086 2716 ὁσίως

70 2742 303 2832 ὑπηρετούσης
333 2758 403 2824 τοῖς
434 2747 552 2833 ίεροῖς,
584 2743 726 2832 μάλιστα
759 2743 797 2812 δέ
827 2741 849 2829 ἡ
883 2745 995 2832 σβέσις
1025 2747 1087 2812 τοῦ

70 2851 189 2938 πυρός,
212 2878 257 2938 ην
278 2841 409 2940 ὑπέρ”
387 2874 518 2920 απαντα
537 2849 578 2922 τδι
598 2850 693 2920 δεινὰ
711 2848 869 2938 Ρωμαῖοι
893 2854 1086 2920 δεδοίκασιν

72 2955 269 3047 ἀφανισμοῦ
291 2985 351 3047 της
372 2957 501 3039 πόλεως
529 2971 669 3046 σημεῖον
690 2955 1042 3046 ὑπολαμβάνοντες,’
1023 2957 1082 3046 αφ’
1100 2979 1126 3021 ω

22 3055 122 3150 381ης
142 3058 266 3133 ποτ’“
245 3091 290 3133 αν
317 3069 425 3145 αίτίας
446 3066 600 3152 γένηται,
626 3065 684 3133 καὶ
705 3072 845 3144 πολλαῖς
875 3063 956 3134 αὐτὸ
983 3074 1086 3153 θερα-

144 3301 162 3349 4
180 3292 213 3350 αί
228 3294 328 3351 πολλαί
347 3313 370 3352 ο.
385 3295 523 3351 Bficheler
596 3303 611 3350 6
636 3290 819 3365 ἐκλειπούσης
836 3297 913 3350 ΑΒο
985 3299 1018 3349 15
1037 3295 1087 3364 τῆς

72 3362 316 3438 άποδεδειγμένης
338 3374 397 3430 τοῖς
420 3361 599 3436 νεκροῖςέπ’
620 3362 730 3442 ἐκφορᾷ
754 3384 777 3422 ο.
795 3367 898 3422 Reiske
973 3371 1006 3420 16
1023 3373 1087 3428 ταῖς

72 3445 188 3506 νεκραῖς
216 3438 239 3493 0
266 3455 333 3497 corr,
364 3438 558 3524 Stephanus
606 3442 639 3492 18
667 3422 784 3520 κομίνης
810 3437 863 3493 ΑΒ
892 3431 940 3507 Ιέ
941 3431 1008 3500 ντὺς
1034 3437 1085 3492 τοὺ

71 3458 184 3578 τείγρους
203 3507 225 3563 0
244 3511 399 3600 ῳτοοῖοεΒ
470 3514 505 3564 20
524 3527 647 3578 οηματος
664 3524 689 3565 ο
707 3507 811 3564 Reiske
