2454 3916
572 224 739 275 ..Γ-

144 379 210 468 τὴν
234 381 272 448 ἐν
294 384 340 472 τῷ
359 388 517 468 πολεμεῖν
536 379 636 468 ίσχυν
656 382 713 450 καὶ
730 379 793 468 την
812 382 849 448 ἐν
867 383 914 474 τῷ
937 380 1165 467 βουλεύεσθαι

147 486 336 576 φρόνησιν,
364 485 386 555 δι
412 489 488 578 περὶ
517 487 604 576 ἡμᾶς
632 490 723 557 ἐστιν
750 485 937 576 άμφότερα·
968 487 1026 555 καί
1049 484 1101 556 ὅτι
1125 485 1165 556 οὐ

148 592 246 673 κενὸς
269 592 287 663 ὁ
310 595 440 682 κόμπος
461 592 483 683 ἡ
506 594 632 676 παντὸς
654 594 759 680 λόγου
780 598 941 681 κρείττων
961 607 1061 681 πεῖρα
1083 591 1165 681 ἡμῖν

148 714 319 789 μαρτυρεῖ.
359 701 527 788 τοσαύτην
549 706 637 789 γοῦν
660 703 797 788 μεγέθει
817 701 875 769 καὶ
897 699 1042 787 δυνάμει
1063 699 1166 769 πόλιν

109 826 123 868 ⁶
150 805 211 894 οὐχ
241 803 317 877 οἷόν
344 834 380 877 τε
407 800 451 896 ἦν
478 811 640 895 γενέσθαι
672 812 766 897 τρίτη
797 811 898 898 γενεᾷ
925 805 1006 895 μετδι
1032 805 1096 875 τὸν
1119 811 1167 875 οί-

147 913 286 1002 κισμόν,
314 919 347 982 εί
372 914 417 1003 μὴ
443 914 483 984 τό
510 942 546 984 τε
573 914 735 1002 ἀνδρεῖον
762 917 971 1003 ἐπερίττευεν
999 911 1084 1002 αὐτῇ
1110 915 1167 982 καὶ

147 1018 186 1088 τὸ
211 1017 392 1108 φρόνιμον.
438 1023 551 1090 ίκαναὶ
580 1021 619 1090 δὲ
645 1025 870 1109 τεκμηριῶσαι
896 1019 935 1089 τὸ
957 1020 1081 1107 κράτος
1108 1019 1167 1089 αὐ-

147 1129 208 1212 τῆς
229 1127 351 1194 πολλαὶ
372 1125 487 1208 πόλεις
510 1129 546 1195 ἐκ
568 1131 629 1195 τοῦ
653 1133 811 1196 Λατίνων
839 1119 940 1196 οὖσαι
965 1128 1089 1214 γένους
1110 1129 1167 1196 καὶ

147 1229 211 1318 τὴν
247 1237 356 1301 κτίσιν
398 1231 458 1321 ἀφ’
491 1231 588 1322 ὑμῶν
629 1238 781 1321 ἔχουσαι,
822 1239 861 1302 αἳ
897 1232 960 1321 τὴν
1000 1231 1167 1321 ὑμετέραν

110 1365 137 1404 ιο
149 1335 371 1426 ὑπεριδοῦσαι
407 1339 512 1409 πόλιν
553 1339 635 1427 ἡμῖν
676 1340 972 1428 προσκεχωρήκασι
1006 1340 1064 1408 καὶ
1100 1337 1167 1408 ὑπὸ

143 1443 319 1534 Ῥωμαίων
342 1446 508 1535 ἄρχεσθαι
531 1452 661 1535 μᾶλλον
684 1445 838 1530 ἀξιοῦσιν
861 1444 882 1535 ἢ
904 1445 962 1516 ὑπ’
980 1445 1168 1533 Ἀλβανῶν,

149 1548 195 1631 ῶς
216 1549 314 1640 ἡμῶν
337 1553 399 1640 μὶν
417 1552 591 1641 ἀμφότερα
610 1557 739 1623 ίκανῶν
762 1552 873 1622 ὄντων
893 1552 973 1633 τούς
990 1579 1026 1621 τε
1045 1559 1169 1641 φίλους

149 1649 188 1726 εὖ
221 1673 332 1729 ποιεῖν
363 1661 419 1728 καὶ
441 1658 522 1739 τοὺς
549 1658 696 1747 ἐχδροδς
721 1663 845 1746 κακῶς,
876 1657 973 1746 ὑμῶν
1006 1658 1039 1726 δ’
1070 1658 1168 1730 οὐδέ-

98 1771 141 1837 10
149 1789 236 1852 τερα.
291 1764 399 1834 πολλά
430 1763 523 1852 εἶχον
560 1770 608 1834 ἔτι
646 1766 702 1833 καὶ
735 1765 874 1853 ίσχνρά,
907 1758 934 1834 ῶ
968 1769 1168 1854 Φουφέττιε,

109 1903 136 1946 15
149 1868 233 1958 πρὸς
261 1870 321 1951 τὰς
348 1871 552 1958 δικαιώσεις,
581 1868 622 1952 ἃς
653 1870 696 1940 σὺ
726 1874 912 1960 παρέσχου,
944 1875 1071 1959 λέγειν·
1107 1874 1168 1962 μά-

147 2003 245 2045 ταιον
271 1976 309 2045 δδ
336 1974 428 2066 ὁρῶν
454 1976 515 2046 τὸν
543 1977 648 2064 λόγον
674 1980 731 2047 καὶ
754 1981 792 2047 ἐν
820 1988 882 2070 ἴση)
904 1977 945 2048 τὰ
966 1978 1075 2049 πολλὰ
1097 1995 1168 2060 τοῖς

149 2081 277 2169 ὀλίγοις
314 2084 548 2172 λεχθησόμενα
583 2085 669 2174 πρὸς
704 2084 910 2167 ἀντιπάλους
945 2085 1047 2166 ὄντας
1080 2084 1168 2175 ὑμᾶς

146 2194 210 2258 τοῦ
234 2193 369 2260 δικαίου
390 2190 505 2281 κριτὰς
531 2192 682 2280 παύομαι
709 2194 827 2280 λέγων.
868 2194 929 2261 ἕνα
952 2192 990 2260 δδ
1011 2191 1212 2282 ὑπολαμειο

148 2296 266 2383 βάνων
283 2297 464 2386 κράτιστον
488 2297 576 2368 εἶναι
599 2298 655 2366 καί
675 2298 785 2387 μόνον
807 2295 903 2386 ἡμῶν
924 2298 966 2368 τδι
988 2305 1084 2387 νείκη
1109 2300 1168 2370 δά

109 2412 279 2476 ιονασδαι
303 2407 474 2493 διακρίνοι
495 2405 680 2497 τρόπον,
667 2396 695 2472 ῶ
717 2409 838 2473 πολλοὶ
859 2404 1030 2495 βάρβαροί
1053 2434 1090 2476 τε
1111 2408 1168 2476 καὶ

141 2508 305 2598 Ἕλληνες
331 2517 380 2592 είς
409 2517 493 2599 ἔχθη
523 2511 795 2591 καταστάντεςο
777 2513 812 2579 οί
837 2511 900 2599 μὲν
931 2509 1063 2601 ὑπὲρ
1047 2540 1167 2602 ηγεμο-

149 2621 236 2703 νίας,
256 2621 293 2685 οί
309 2616 415 2687 δδὺπ
368 2618 453 2707 υπδρ
476 2616 775 2748 ἀμφισβητησίμου
798 2621 858 2705 γῆς
876 2617 1073 2707 ἐχρήσαντο,
1091 2625 1167 2689 τοῦ·

98 2729 212 2795 11τον
239 2722 343 2793 είπῶν
371 2729 420 2794 ἔτι
447 2722 632 2812 παύσομαι·
668 2729 700 2791 εί
717 2729 952 2811 ποιησαίμεθα
979 2727 1073 2813 μέρει
1100 2727 1168 2796 τινὶ

150 2835 210 2918 τῆς
237 2833 367 2900 ἑαυτῶν
396 2835 551 2919 στρατιάς
579 2829 788 2919 ἑκάτεροι
753 2857 815 2899 τον
843 2829 959 2918 ιἰγῶνα
986 2838 1035 2913 είς
1057 2831 1167 2921 ὀλιγο-

111 2958 138 3000 25
152 2938 234 3006 στόν
256 2964 289 3006 τι
311 2942 443 3024 πλῆθος
465 2936 603 3029 ἀνδρῶν
627 2937 875 3025 συναγαγόντες
900 2938 966 3026 τὴν
986 2942 1048 3008 τοῦ
1072 2943 1167 3010 πολί-

225 3140 257 3189 11
284 3128 366 3188 *διεδ
396 3134 419 3190 0
511 3139 546 3188 14
572 3128 654 3188 πόλλ’
678 3127 716 3189 άν
743 3131 831 3189 Cobet
862 3133 1167 3207 Mnem.1xp.320

152 3210 186 3260 16
204 3210 264 3267 τοῖς
282 3199 388 3274 ὀλίγοις
402 3204 561 3274 Stephanus
579 3211 640 3268 τοῖς
658 3211 717 3268 σοῖς
734 3203 828 3274 λόγοις
847 3205 870 3261 0
943 3211 976 3261 17
996 3203 1041 3262 ἕλε
1043 3155 1168 3278 γχδησό-

151 3295 224 3363 μενα
243 3275 305 3345 ΑΒ,
328 3291 399 3330 corr.
417 3275 519 3331 Reiske
598 3281 632 3332 18
656 3277 706 3332 τοῦ
730 3277 885 3332 δικαίουΒ
909 3273 977 3340 τούς
992 3280 1167 3365 δικαίουςΒ

151 3341 186 3401 οδ
205 3317 336 3410 δικαίόνς
344 3346 488 3433 Sylburg
493 3348 498 3416 Ι
514 3344 566 3402 ἕνα
582 3341 640 3402 0a
624 3366 659 3402 ον
677 3348 814 3403 Βδοδιεδεε
829 3349 834 3418 Ι
849 3342 1060 3431 νπολαμβάνων
1079 3351 1167 3407 Cobet

152 3416 218 3474 obs
227 3436 264 3504 p.
283 3423 318 3473 32
337 3411 572 3505 ῶπολαμβάνωθ
633 3424 668 3474 23
688 3415 735 3474 ἐπὶ
753 3418 874 3491 μέρειο.
893 3418 997 3476 Reiske
1056 3427 1093 3478 24
1111 3419 1166 3479 ὀλι·

151 3483 254 3558 γοστόν
271 3508 299 3543 τι
317 3489 340 3542 Β
358 3484 499 3560 όλίγιστόν
516 3510 543 3545 τι
561 3491 587 3545 R
