2454 3916
138 214 205 279 354
562 217 727 267 -Γ-

139 376 192 443 ἐπὶ
225 372 285 442 τὸν
322 372 450 462 χάρακα
485 377 554 441 τῶν
589 378 759 459 πολεμίων
795 369 1001 459 ἀφικόμενος
1035 368 1156 457 ὀλίγην

140 486 259 569 ἔχοντα
287 477 442 567 φυλακὴν
469 477 717 566 καταλαμβάνει
748 476 787 546 τό
815 483 922 565 ἔρυμα
950 479 984 559 ἐξ
1014 476 1156 565 ἐφόδου,

143 587 334 675 Ταρκύνιον
357 586 396 654 δὲ
413 584 492 667 τοὺς
516 589 625 665 ἱππεῖς
646 582 773 671 άμοντα
796 585 851 653 ἐπὶ
866 583 946 664 τοὺς
968 584 1007 652 ἐν
1029 607 1156 670 προνο

99 696 217 781 ὅμαῑς
254 695 518 781 ἐσκεδασμένους
554 694 746 779 ἐπείγεσθαι
788 693 924 761 ἐκέλευε.
984 689 1157 778 μαθόντες

112 800 178 873 εδδ
210 803 246 869 οί
269 806 417 887 Σαβῖνοι
448 797 510 887 τὴν
542 803 645 868 ἵππον
678 803 746 866 τῷν
773 795 947 885 Ῥωμαίων
980 797 1034 866 ἐπὶ
1067 800 1157 883 σφᾶς

140 907 351 977 ἐλαύνουσαν
379 906 520 995 ἀφέντες
547 906 611 993 τὴν
643 912 737 974 λείαν
766 906 823 973 καὶ
851 903 910 985 τάς
937 902 1040 984 άλλας
1063 901 1204 991 &ms-bv

139 1020 244 1099 λείας,
277 1011 358 1094 ὅσας
390 1012 514 1101 ἔφερόν
544 1038 580 1081 τε
608 1013 665 1081 καὶ
695 1004 796 1099 ἦνον,
828 1016 975 1099 ἔφευγον
1006 1011 1061 1079 ἐπὶ
1094 1009 1156 1079 τὸν

139 1119 280 1207 χάρακα·
313 1117 358 1199 ὡς
391 1119 429 1187 δὲ
459 1117 617 1187 κάκεῖνον
650 1125 804 1206 ἔγνωσαν
835 1118 1060 1206 κατεχόμενον
1088 1115 1155 1187 ὑπὸ

138 1229 208 1294 τῷν
238 1229 360 1312 πεζῶν,
397 1224 603 1314 ἀποροῦντες
630 1223 709 1295 όποι
744 1225 925 1310 τράποιντο
954 1227 1156 1294 συνέτειναν

100 1359 126 1400 10
140 1337 188 1413 είς
209 1331 293 1413 ὕλας
314 1359 349 1400 τε
372 1333 428 1401 καὶ
452 1331 524 1421 όρη.
570 1332 772 1420 διωκόμενοι
800 1331 838 1400 δὲ
859 1328 925 1400 ὑπὸ
950 1336 1020 1399 τῷν
1043 1335 1156 1414 ψιλῶν

138 1441 192 1508 καί
222 1443 291 1509 τῷν
321 1442 448 1508 ἱππέων
480 1436 590 1527 όλίγοι
620 1441 683 1528 μέν
711 1465 801 1519 τινες
831 1436 1027 1525 ἐσώθησαν,
1055 1441 1091 1506 οἱ
1118 1437 1156 1507 δέ

139 1553 274 1626 πλείους
298 1546 544 1634 διεφθάρησαν.
594 1548 650 1614 καὶ
673 1545 753 1634 μετὰ
780 1544 843 1634 τὴν
872 1542 1053 1633 συμφοράν
1076 1545 1155 1614 ταύ-

138 1679 200 1739 την
228 1651 516 1741 πρεσβευσάμενοι
547 1651 649 1721 πάλιν
682 1656 730 1733 εἰς
752 1649 883 1740 Ῥώμην
913 1651 1050 1740 εἰρήνης
1077 1678 1156 1738 wy-

139 1759 304 1845 χάνουσιν
333 1763 406 1839 οἵας
433 1758 625 1844 ἐβούλοντο.
675 1763 723 1827 ἐτι
750 1756 815 1847 γάρ
843 1756 862 1827 ὁ
889 1755 973 1845 πρὸς
998 1757 1058 1838 τὰς
1087 1766 1155 1827 Λα-

100 1891 127 1932 1⁵
140 1871 245 1934 τίνων
284 1865 398 1945 πόλεις
439 1863 650 1952 συνεστηκὼς
688 1878 760 1944 τοῖς
795 1859 971 1952 Ῥωμαίοις
1010 1864 1156 1953 πόλεμος

139 1969 324 2057 άναμααίας
347 1973 451 2039 ἐποίει
473 1969 532 2051 τὰς
553 1971 637 2060 πρὸς
662 1970 742 2051 τοὺς
764 1970 889 2052 ἄλλους
906 1969 1053 2058 ἐχθροὺς
1076 1969 1155 2040 άνο-

140 2077 200 2165 χάς
222 2103 257 2145 τε
279 2077 334 2145 καὶ
359 2076 537 2185 διαλῷσεις.

227 2185 375 2253 XXXXI.
417 2183 568 2276 Τετάρτῷ
602 2183 640 2252 δὲ
672 2185 814 2272 μάλιστα
845 2183 926 2273 μετὰ
960 2184 1061 2254 τόνδε
1094 2183 1155 2254 τὸν

139 2288 287 2378 πόλεμον
315 2292 457 2384 ἐνιαυτῷ
481 2290 638 2379 Μάρκιος
665 2288 683 2359 ὁ
711 2295 780 2359 τῷν
800 2287 974 2378 Ῥωμαίων
996 2290 1156 2378 βασιλεὺς

99 2421 125 2463 ιο
138 2397 200 2483 την
223 2422 259 2466 τε
280 2395 456 2485 πολιτικὴν
480 2396 629 2485 δύναμιν
657 2396 751 2484 άμων
773 2400 829 2466 καὶ
856 2396 918 2486 τὴν
941 2397 1155 2486 συμμαχικὴν

138 2501 435 2591 μεταπεμψάμενος
463 2502 548 2592 ὅσην
577 2503 720 2573 ἐδύνατο
747 2510 906 2593 πλείστην
934 2504 1155 2595 ἐστράτευσεν

138 2611 192 2678 ἐπὶ
217 2607 444 2690 Οὐιεντανοὺς
466 2611 522 2679 καί
544 2609 674 2698 πολλὴν
700 2615 760 2697 τῆς
781 2611 891 2699 χώρας
913 2610 1027 2683 αὐτόν
1050 2612 1155 2703 ἐδῄω-

138 2736 206 2784 σεν.
257 2718 381 2785 ἐκείνοι
409 2715 441 2784 δ’
467 2715 612 2805 ἤρξαντο
641 2718 783 2810 ἐνιαυτῷ
810 2721 977 2807 πρότερον
1007 2723 1056 2800 είς
1085 2717 1205 2808 τὴνσιε

134 2819 307 2910 Ῥωμαίων
339 2826 405 2909 γῆν
437 2818 638 2910 ἐμβαλόντες
669 2824 725 2891 καὶ
755 2822 881 2905 πολλάς
912 2824 975 2911 μὲν
1002 2823 1155 2913 ἁρπαγάς

97 2952 124 2994 ιτ
140 2928 331 3017 χρημάτων,
353 2928 462 2997 πολὺν
486 2929 524 2998 δὲ
547 2927 741 3018 ἀνθρώπων
770 2929 918 3020 ὄλεθρον
940 2931 1155 3019 ποιήσαντες·

209 3125 345 3188 δίππους
360 3123 383 3181 0
397 3141 467 3183 corr.
482 3123 624 3196 Kiessling
679 3121 848 3197 ’λέφέροντο
867 3125 955 3183 καλΑ
1009 3123 1058 3184 93
1112 3129 1152 3202 B]

139 3196 304 3253 συνέτειναν
322 3195 347 3250 Β
365 3195 527 3252 συνέτεινον
545 3197 568 3250 Β
638 3203 670 3251 11
691 3194 721 3252 οἱ
736 3195 770 3252 δὲ
787 3198 902 3261 πλείους
924 3199 947 3253 Β
965 3195 996 3253 os
1011 3149 1110 3256 πλπδδ
1128 3200 1155 3255 Β

139 3275 173 3323 14
193 3263 243 3338 ἐφ’
263 3265 306 3331 οἷς
328 3284 352 3323 α.
371 3268 508 3323 Bflcheler
579 3273 614 3323 20
632 3268 683 3338 τῆς
701 3268 879 3340 συμμαχικ”ς
901 3286 925 3326 ο.
949 3268 1074 3327 Sintenis
1092 3273 1153 3328 Em.

137 3338 219 3396 Dion.
238 3339 265 3394 II
288 3357 315 3408 p.
336 3343 384 3407 11,
410 3334 461 3407 τὴν
485 3337 540 3393 del.
563 3338 701 3396 Biicheler
783 3346 816 3395 23
839 3286 929 3412 όρξαν
952 3341 991 3415 τῷ
1015 3339 1154 3431 πρότερον

139 3407 260 3484 ἐνιαυτῷ
281 3427 303 3465 α.
320 3409 409 3466 Οοὶιελ
423 3409 489 3465 obs.
504 3426 531 3479 p.
549 3416 582 3465 69
646 3416 682 3466 24
700 3411 752 3482 μὲν
770 3411 793 3466 Β
811 3429 865 3469 om.
884 3411 910 3464 R
977 3418 1011 3468 25
1031 3417 1153 3484 ολεθρον

138 3476 303 3552 ἀνθρώπων
321 3482 344 3535 Β
363 3476 526 3552 ἀνθρώπων
544 3475 584 3538 όλ.
603 3481 629 3534 R
647 3480 762 3553 φθόρον
780 3476 807 3538 ά.
826 3482 969 3554 Kiessling
