2454 3916
501 224 668 274 -Γ-

76 381 168 465 αἰρεῖ
188 377 315 465 χρόνον
339 381 374 446 ἐκ
396 379 608 467 παρατάξεως
634 407 669 449 τε
697 381 837 469 νικήσας
863 383 919 450 καὶ
948 381 1004 450 διὰ
1027 409 1091 450 τει-

74 491 238 573 χομαχίας
259 485 568 574 παραστησάμενος,
591 487 670 568 τούς
694 515 729 556 τε
752 485 896 569 ἁλόντας
920 485 1023 557 οὐδὲν
1042 480 1090 557 ὧν

75 589 170 678 εἶχον
198 589 406 679 ἀφελόμενος
433 599 481 673 είς
503 591 634 682 Ῥώμην
664 595 831 683 μητήγαγε
863 597 918 664 καὶ
946 600 1004 683 τῆς
1031 595 1090 664 πό-

74 706 160 778 λεως
191 704 238 779 εἰς
269 698 476 786 κατασκευὴν
510 704 627 770 οἰκιῶν
658 701 764 770 τόπον
796 701 986 791 ἀπεμέρισε·
1019 705 1129 770 λάε-3

75 808 220 873 όυλλίαν
251 831 287 873 τε
317 810 428 893 τριετῆ
461 805 588 893 χρόνον
615 803 681 874 ὑπὸ
708 822 779 888 τοῖς
806 815 966 890 Λατίνοις
995 827 1117 896 γενο-5

75 912 183 998 μένην
210 915 257 1002 τῷ
285 911 428 1003 τετάρτῳ
456 919 623 999 κομίζεται
649 913 751 982 πάλιν
782 916 924 1006 ἐνιαυτῷ
952 923 1091 995 πολλαῖς

73 1018 132 1085 καὶ
159 1017 318 1104 μεγάλαις
348 1019 645 1106 παραστησάμενος
677 1023 803 1109 μάχαις.
861 1023 916 1090 καὶ
950 1019 1018 1110 μετ’
1051 1020 1091 1091 οὐ

28 1123 167 1194 ἰ23πολὺ
190 1123 251 1211 τὴν
274 1131 468 1193 Φικαναίων
488 1128 578 1211 αἰρεί
597 1126 712 1214 πόλιν,
736 1124 779 1215 ἣν
802 1135 902 1220 τρίτῳ
925 1128 1091 1218 πρότερον

75 1233 218 1324 ἐνιαυτῷ
248 1228 363 1318 λαβὼν
392 1229 471 1299 καθ’
505 1229 685 1319 ὁμολογίας
715 1235 771 1303 καλ
803 1233 882 1315 τοὺς
918 1237 951 1318 ἐξ
988 1234 1091 1323 αὐτῆς

74 1336 224 1418 ἅπαντας
251 1343 299 1418 εἰς
316 1336 448 1425 Ῥώμην
476 1337 688 1426 μεταγαγάν,
716 1337 798 1411 άλλο
823 1340 861 1409 δὲ
883 1346 942 1427 τῆς
963 1341 1091 1422 πόλεως
1105 1361 1131 1402 10

75 1443 179 1513 οὐδέν
205 1445 374 1530 κακώσας,
402 1445 644 1531 ἐπιεικέστερον
677 1450 806 1533 μᾶλλον
834 1443 855 1534 ἢ
884 1447 1090 1536 φρονιμώτε-

75 1578 139 1640 ρον
174 1553 267 1634 ἔδοξε
298 1551 532 1639 βουλεύεσθαι.
588 1548 750 1632 άποίκονς
780 1551 845 1640 γάρ
873 1551 1131 1623 ἀποστείλω-4

75 1683 130 1738 τες
152 1662 199 1738 εἰς
222 1656 327 1747 αὐτὴν
351 1661 388 1726 οἰ
408 1665 550 1727 Λατῖνοι
579 1659 634 1726 καὶ
661 1658 722 1746 τὴν
746 1659 860 1748 χάραν
884 1658 995 1729 αὐτῶν
1020 1666 1091 1729 δια-

74 1766 269 1852 κατέχοντες
306 1763 402 1834 αότοὶ
438 1764 500 1852 τὴν
537 1769 605 1834 τῶν
641 1771 835 1835 Φικαναίων
873 1769 1091 1856 ἐκαρποῦντο,

75 1869 161 1940 ὥστε
187 1869 387 1960 ἠναγκάσθη
419 1871 521 1941 πάλιν
550 1869 567 1941 ὁ
596 1872 752 1961 Μάρκιος
782 1871 820 1942 τὸ
850 1873 1009 1963 δεύτερον
1038 1876 1090 1943 ἐπὶ
1105 1892 1131 1934 1⁵

74 1977 138 2064 τὴν
166 1977 266 2046 πόλιν
294 1982 492 2066 στρατεῦσαι
518 1980 573 2048 καὶ
608 1977 689 2066 μετά
716 1984 841 2067 πολλῆς
866 1988 1091 2070 πραγματείας

75 2087 193 2172 κύριος
216 2083 318 2172 αότης
339 2084 503 2166 καταστάς
525 2089 695 2175 ἐμπρῆσαί
709 2112 744 2156 τε
766 2085 825 2167 τάς
849 2092 955 2169 οἰκίας
976 2090 1033 2157 καί
1051 2087 1092 2156 τά

75 2196 167 2278 τείχη
190 2191 409 2274 κατασκάψαι

166 2300 368 2367 XXXVIIII
391 2297 488 2367 Μετὰ
507 2303 606 2367 τοῦτο
630 2304 784 2385 γίνονται
803 2305 959 2368 Λατίνων
982 2301 1091 2368 τεκαὶ

72 2403 246 2491 Ρωμαίων
280 2404 438 2492 μεγάλαις
471 2405 636 2493 δυνάμεσι
667 2407 951 2494 παραταξαμένων
988 2405 1090 2493 μάχαι
1104 2432 1130 2472 ιο

77 2516 194 2581 διτταί.
234 2515 274 2600 τῇ
294 2503 415 2599 μὲν
376 2539 439 2580 ονν
457 2513 602 2601 προτέρη
621 2511 717 2600 μέχρι
739 2517 867 2581 πολλοῦ
891 2511 1091 2600 διαγωνισά-

76 2643 174 2705 μενοι
196 2619 252 2686 καί
281 2618 439 2700 δόξαντες
466 2617 643 2708 ἰσόρροποι
669 2620 845 2704 γεγονέναι
869 2623 1092 2710 όιεκράλησαν

75 2725 132 2793 καί
161 2726 213 2793 ἐπὶ
240 2724 320 2804 τοὺς
347 2728 457 2805 ἰδίους
490 2723 639 2813 ἑκάτεροι
666 2722 812 2812 χάρακας
838 2720 1090 2813 ἀπηλλάγησαν,

75 2835 116 2920 τῇ
137 2827 169 2899 δ’
189 2829 312 2922 ὑστέρη
324 2828 482 2920 Ῥωμαῖοι
502 2835 621 2900 νικῶσι
639 2827 718 2911 τοὺς
738 2836 906 2912 Λατίνους
924 2833 1091 2922 καὶμέχρι

149 3069 165 3118 3
190 3058 348 3135 μετήγαγεν
374 3059 463 3118 έκ
428 3084 444 3118 τ
444 3084 478 3134 ης
500 3064 526 3117 A
607 3069 623 3118 8
649 3064 811 3117 Φικαναίων
835 3063 997 3134 Schwegler
1019 3064 1091 3122 Hist

76 3153 146 3192 rom.
166 3136 226 3219 Ip.
242 3142 293 3190 600
311 3137 370 3190 not.
390 3137 551 3206 φιδηναίων
569 3133 647 3189 BbR
689 3136 841 3220 ειὸηναίων
857 3137 903 3190 Ba
923 3137 1091 3204 Φηκηναίων

78 3205 210 3277 Sigonius
230 3205 267 3260 ad
284 3206 346 3262 Liv.
366 3207 387 3273 I,
406 3213 440 3261 33
514 3212 547 3259 10
566 3200 633 3260 ἄλλο
652 3153 687 3260 δῖ
710 3200 762 3273 τὴν
786 3201 870 3261 πόλιν
890 3207 1010 3261 Sintenis
1028 3206 1090 3262 Em.

75 3278 159 3335 Dion.
177 3279 204 3332 H
222 3295 250 3347 μ.
262 3282 295 3333 25
362 3283 395 3332 12
416 3273 589 3364 ἐκοίκονςρ.
609 3274 805 3334 Sinteniel.l.
872 3284 904 3332 13
915 3296 1010 3332 αντων
1030 3274 1091 3331 ἰδίω

75 3348 285 3419 κατέχοντεςο.
305 3348 409 3404 Reiske
428 3343 522 3417 χάραν
541 3343 581 3402 δι’
598 3341 694 3402 αὐτῶν
712 3346 886 3434 κατέχοντες
899 3348 1057 3403 Sintenisl
1071 3297 1091 3403 ἰ.

77 3428 112 3477 14
131 3419 363 3548 Φικαναίωνχιοί.
378 3437 404 3474 v
420 3425 464 3546 Bc
502 3425 537 3475 20
555 3420 642 3544 νεεόΒμ,
660 3414 794 3490 μεγάλαις
813 3414 950 3489 δυνάμεσι
964 3439 1091 3490 παρατα-

76 3489 149 3564 ξαμέ
150 3511 208 3547 νων
227 3508 272 3547 om
398 3497 432 3546 22
463 3487 597 3560 σσόροποι
