2454 3916
545 218 710 271 -Α-
1094 220 1138 286 63

115 374 157 446 τὸ
193 375 371 463 σπήλαιον.
420 373 562 463 ἁγνίσας
599 375 637 444 δὲ
672 381 718 470 τῷ
755 381 891 469 ποταμῷ
928 376 988 448 τὸν
1025 378 1137 466 φόνον

119 482 272 572 ἱδρύεται
303 486 448 570 πλησίον
480 486 542 551 τού
569 482 676 552 τόπον
700 481 786 564 Διὸς
808 482 976 573 Εὑρεσίου
1008 485 1136 574 βωμόν,

119 587 159 670 ὅς
188 592 261 658 ἐστι
291 593 352 676 τῆς
379 587 506 677 Ῥώμης
538 589 628 678 παρὰ
664 594 705 679 τῇ
743 590 899 682 Τριδύμῳ
935 593 1042 680 πύλη,
1079 591 1137 660 καὶ

117 695 198 764 θύει
227 699 275 788 τῷ
304 699 376 788 θεῷ
408 695 554 784 δάμαλιν
584 699 643 765 ἕνα
672 701 730 784 τῆς
760 694 921 786 εὑρέσεως
947 703 1015 766 τῶν
1043 702 1136 784 βοῶν

116 801 348 890 χαριστήριον.
393 801 518 889 ταύτην
547 808 595 872 έτι
622 805 678 871 καὶ
706 809 754 883 εἱς
780 803 838 891 ἐμὲ
863 805 925 894 τὴν
957 811 1085 874 θνσὶαν
1113 803 1164 891 ἡν

112 906 290 996 Ῥωμαίων
304 907 401 988 πόλις
421 911 601 996 συνετέλει,
623 917 780 998 νομίμοις
789 909 997 999 Ἑλληνικοῖς
1011 910 1136 980 ἅπασιν

63 1018 162 1085 ιο1έν
188 1013 274 1104 αὐτῇ
296 1018 462 1103 χρωμένη,
484 1017 637 1105 καθάπερ
660 1020 788 1097 ἐκεῖνος
809 1019 1041 1106 κατεστήσατο.
1058 1032 1086 1084 ν

209 1124 343 1189 XXXX.
381 1127 426 1190 Οἱ
447 1122 485 1190 δὲ
504 1121 710 1212 Ἀβοριγῖνες
736 1125 792 1193 καὶ
819 1130 888 1194 τῶν
908 1123 1079 1213 Ἀρκάδονν
1104 1128 1139 1192 οἱ

117 1226 157 1297 τὸ
185 1227 403 1297 Παλλάντιον
430 1233 679 1314 κατοικοῦντες,
709 1227 754 1309 ὡς
780 1234 841 1298 τοῦ
867 1257 903 1299 τε
930 1231 1048 1300 Κάκον
1075 1230 1136 1300 τὸν

116 1333 273 1403 θάνατον
306 1340 459 1421 ἔγνωσαν
490 1336 546 1403 καὶ
576 1333 637 1405 τὸν
661 1334 826 1424 Ἡρακλέα
858 1335 967 1424 εἶδον,
998 1343 1043 1431 τῷ
1073 1337 1135 1425 μέν
1150 1355 1177 1396 10

118 1440 348 1530 ἀπεχθόμενοι
376 1441 433 1510 διὰ
459 1441 518 1523 τάς
545 1442 709 1531 ἁρπαγάς,
737 1448 798 1511 τού
828 1443 865 1511 δὲ
887 1443 949 1532 τὴν
975 1442 1061 1526 όύιν
1085 1446 1136 1512 έκ-

118 1547 349 1636 παχλούμενοι
376 1548 476 1617 θεῖόν
502 1576 533 1617 τι
561 1554 670 1637 χρῆμα
698 1549 860 1636 ἐνόμισαν
884 1547 969 1636 ὁρᾶν
997 1552 1136 1619 καὶτοῦ

118 1658 246 1743 ληστού
274 1656 357 1741 μέγα
384 1652 552 1743 εὐτύχημα
579 1653 641 1743 τὴν
668 1653 841 1742 ἀποβολὴν
869 1657 1057 1725 ἐποιοῦντο.
1103 1659 1138 1725 οἱ

119 1760 158 1830 δὲ
190 1763 329 1847 πένητες
360 1759 472 1830 αὐτῶν
503 1761 649 1842 κλάδους
685 1761 890 1850 δρεψάμενοι
927 1763 1076 1850 δάφνης,
1113 1759 1134 1849 ἣ

117 1867 228 1955 πολλὴ
251 1867 327 1955 περὶ
349 1865 410 1935 τὸν
432 1867 537 1936 τόπον
561 1867 700 1955 ἐφύετο,
724 1869 855 1938 ἐκεῖνόν
877 1872 989 1939 τεκαὶ
1013 1868 1135 1949 αύτούς
1148 1884 1175 1926 1⁶

117 1973 323 2062 ἀνέστεφον,
347 1966 432 2061 ἧκον
457 1974 494 2042 δὲ
518 1977 553 2043 οἱ
572 1980 721 2061 βασιλεῖς
748 1973 859 2045 αὐτῶν
882 1977 935 2044 ἐπὶ
959 1978 1051 2058 ξένια
1074 1975 1135 2045 τὸν

112 2080 281 2170 Ἡρακλέα
302 2085 491 2161 καλοῦντες.
520 2078 565 2161 ὡς
589 2080 626 2149 δὲ
648 2083 704 2150 καὶ
726 2080 876 2170 τούνομα
897 2082 1013 2152 καὶτὸ
1037 2086 1136 2170 γένος

117 2187 226 2258 αύτοῦ
249 2188 305 2257 καὶ
327 2185 385 2268 τάς
407 2187 541 2276 πράξεις
565 2189 748 2270 διεξιόντος
770 2193 911 2277 ἔμαθον,
935 2191 1134 2277 ἐνεχείριζον

118 2293 211 2387 αύτῷ
234 2294 297 2383 τήν
319 2321 355 2365 τε
377 2294 491 2383 χώραν
514 2296 569 2365 καὶ
593 2299 681 2382 σφάς
704 2293 826 2375 αὐτοὺς
848 2297 901 2364 ἐπὶ
924 2301 1029 2384 φιλίᾳ.
1067 2293 1174 2362 δελ-2

117 2407 247 2490 ανδρος
275 2401 312 2470 δὲ
333 2406 534 2489 παλαίτερον
558 2407 606 2470 ἔτι
627 2407 686 2488 τῆς
708 2404 852 2489 Θέμιδος
878 2399 1028 2487 ἀκηκοὼς
1051 2402 1134 2482 διεξ-
1149 2416 1177 2458 2⁰

119 2507 254 2595 ιούσης,
285 2505 336 2576 ότι
358 2509 578 2595 πεπρωμένον
602 2518 653 2595 εἴη
676 2507 737 2577 τὸν
758 2509 794 2575 ἐκ
815 2505 978 2588 Λιὸςκαὶ
998 2505 1135 2595 Ἀλκμή-

117 2643 182 2704 νης
217 2613 404 2702 γενόμενον
436 2611 601 2702 Ἡρακλέα
640 2618 863 2702 διαμείψαντα
898 2613 960 2701 τὴν
1000 2611 1134 2702 θνητὴν

118 2722 227 2811 φύσιν
250 2719 427 2789 ἀθάνατον
449 2722 611 2808 γενέσθαι
634 2719 680 2788 δι’
704 2718 837 2810 ἀρετήν,
861 2719 975 2809 ἐπειδὴ
997 2720 1134 2809 τάχιστα

62 2827 218 2910 ιοιὸστις
254 2819 299 2916 ἦν
323 2827 481 2913 ἐπύθετο,
508 2826 641 2914 φθάσαι
668 2827 876 2917 βουλόμενος
898 2827 1046 2910 ἅπαντας
1075 2827 1134 2898 ἄν·

117 2935 283 3026 θρύπονς
309 2933 472 3023 Ἡρακλέα
503 2938 597 3004 θεῶν
627 2949 738 3023 τιμαῖς
764 2939 895 3023 πρῶτος
924 2935 1134 3022 ἱλασάμενος,
1149 2946 1176 2990 ²⁶

118 3041 238 3130 βωμόν
267 3038 486 3128 αὐτοσχέδιον
509 3038 575 3109 ὑπὸ
603 3044 754 3129 σπονδῆς
776 3041 927 3130 ἱδρύεται
949 3042 1005 3109 καὶ
1030 3040 1134 3129 δάμα-

120 3157 176 3220 λιν
199 3148 306 3235 άζνχα
326 3146 406 3216 θύει
428 3145 512 3235 πρὸς
534 3145 639 3240 αύτῷ,
661 3145 699 3216 τὸ
722 3148 897 3235 θέσφατον
920 3146 1134 3236 ἀφηγησάμε-

120 3282 181 3336 νος
207 3253 366 3342 Ἡρακλεῑ
398 3254 454 3322 καὶ
486 3254 623 3340 δεηθεὶς
653 3258 721 3322 τῶν
759 3257 860 3341 ἱερῶν
895 3253 1135 3342 κατάρξασθαι.

192 3422 227 3471 15
256 3409 362 3476 αύτούς
388 3414 441 3468 ΑΒ
523 3421 557 3469 16
586 3409 633 3468 ἐπὶ
660 3414 741 3480 ξένια
769 3414 891 3484 Sylburg
928 3408 975 3470 έπὶ
1002 3413 1081 3479 ξενία
1110 3410 1133 3466 Ο

122 3493 155 3543 21
175 3481 220 3542 ὅτι
237 3503 269 3540 τε
287 3483 473 3554 πεπρωμένον
491 3486 544 3540 AB
