2454 3916
149 190 192 255 98
575 174 671 242 -Ἀ
706 221 742 232 .-

148 353 217 419 τών
251 349 314 419 σὺν
344 350 503 443 Οἰνώτρῳ
541 353 832 440 μετενεγκαμένων
867 350 930 440 τὴν
964 357 1097 439 οίκησιν
1130 356 1170 423 έκ

148 461 208 542 τῆς
243 459 453 545 καλουμένης
489 461 555 526 νῦν
584 456 778 545 Ἀρκαδίας,
811 454 857 538 ώς
887 457 952 546 ἐγώ
984 465 1170 548 πείθομαι·

149 562 256 632 ἔπειθ’
291 568 326 633 οί
353 563 616 651 μεταναστάντες
646 567 681 632 ἐκ
709 569 769 652 τῆς
797 565 872 634 τότε
902 565 963 653 μὲν
986 569 1169 655 Αἱμονίας,

148 677 213 740 νῦν
247 672 285 740 δὲ
308 679 486 753 Θετταλίας
516 674 740 761 καλουμένης,
767 679 956 759 Πελασγοί·
987 680 1094 762 τρίτοι
1128 675 1169 744 δὲ

121 782 185 846 5οί
220 778 283 847 σὺν
321 778 489 871 Εὐάνδρῳ
533 781 825 868 παραγενηθέντες
861 784 909 860 είς
945 778 1091 850 Ἰταλίαν
1130 785 1169 851 έκ

148 892 366 955 Παλλαντίου
388 886 533 966 πόλεως·
560 885 643 975 μετά
668 887 705 955 δὲ
727 886 868 967 τούτους
889 890 958 956 τών
982 885 1046 956 σὺν
1065 886 1168 977 Ἡρα-

146 999 221 1059 κλεῖ
251 995 525 1080 στρατευομένων
558 997 848 1080 Πελοποννησίων
876 991 1005 1062 Ἐπειοί
1036 1021 1073 1063 τε
1107 996 1169 1064 καί

150 1102 324 1184 Φενεᾶται,
349 1093 400 1178 οἷς
421 1102 477 1168 καὶ
504 1100 657 1187 Τρωικόν
679 1127 712 1169 τι
736 1103 947 1188 ἐμμέμικται·
977 1109 1168 1171 τελευταῖοι

147 1206 185 1274 δὲ
209 1210 243 1275 oc
265 1209 491 1287 διασωθέντες
514 1205 578 1275 σὺν
602 1212 723 1297 Λίνείμ
741 1212 852 1296 Τρώες
875 1210 909 1290 έξ
929 1206 1032 1278 Ἰλίου
1054 1213 1168 1278 τεκαὶ

106 1347 133 1387 10
147 1313 336 1400 Δαρδάνου
358 1315 414 1382 καὶ
436 1318 505 1382 τών
528 1312 642 1383 άλλων
670 1318 829 1400 Τρωικῶν
851 1314 993 1384 πόλεων.

234 1423 318 1490 LXI.
346 1418 418 1489 Ὅτι
442 1420 479 1488 δὲ
501 1422 557 1488 καὶ
579 1419 617 1490 τὸ
641 1424 709 1489 τών
737 1419 862 1508 Τρώων
891 1427 994 1502 ἔθνος
1011 1420 1166 1512 Ἑλληνι-

144 1526 206 1595 κὸν
230 1531 268 1596 έν
290 1541 361 1608 τοῖς
383 1526 526 1615 μάλιστα
542 1519 585 1614 ἦν
609 1530 644 1596 έκ
658 1527 927 1615 Πελοποννήσου
948 1528 1029 1598 ποτὲ
1053 1527 1166 1619 ώρμη-

144 1636 259 1722 μένον,
282 1644 411 1724 είρηται
435 1634 497 1722 μὲν
519 1634 576 1701 καὶ
599 1631 714 1714 άλλοις
736 1635 804 1703 τισὶ
826 1634 940 1721 πάλαι,
963 1635 1166 1723 λεχθήσεται

145 1740 183 1808 δὲ
205 1741 261 1808 καὶ
283 1739 368 1827 πρὸς
395 1744 478 1828 ἐμοῦ
507 1738 552 1807 δι’
579 1738 713 1826 ὀλίγων.
760 1746 826 1828 ἔχει
855 1739 934 1810 δὲὸ
963 1742 1065 1829 λόγος
1086 1745 1165 1833 περὶ

106 1879 130 1918 15
145 1845 257 1915 αὐτῶν
290 1838 373 1915 ώδε·
400 1845 523 1927 ’Ἄτλας
551 1851 680 1933 γίνεται
708 1845 865 1933 βασιλεὺς
894 1851 1026 1935 πρώτος
1053 1852 1091 1918 έν
1124 1855 1165 1940 τῇ

143 1955 333 2043 καλουμένη
361 1957 427 2022 νῦν
447 1951 620 2043 Ἀρκαδίᾳ,
648 1952 726 2044 ρ’έκει
751 1953 789 2021 δὲ
815 1956 891 2043 περὶ
913 1952 952 2022 τὸ
976 1954 1164 2042 λεγόμενον

143 2058 348 2129 Καυκώνιον
368 2058 456 2148 ὅρος.
487 2057 594 2150 τούτῳ
616 2062 801 2148 θυγατέρες
824 2051 912 2146 ἦσαν
936 2058 1017 2129 ἑπτά
1039 2064 1078 2129 αί
1093 2066 1163 2132 νῦν

143 2170 180 2235 έν
218 2165 353 2258 οὐρανῷ
390 2170 651 2252 κατηστερίσθαι
681 2165 859 2254 λεγόμεναι
890 2165 1057 2248 Πλειάδες
1089 2171 1160 2238 έπί
1168 2189 1223 2239 154

141 2281 280 2359 κλησιν,
323 2263 371 2340 ών
413 2276 494 2359 μίαν
531 2270 593 2358 μὲν
628 2268 808 2359 Ἠλέκτραν
847 2269 932 2350 Ζεὺς
967 2288 1069 2362 γαμεῖ
1106 2275 1166 2344 καὶ

101 2349 246 2483 Ξογεγνᾷ
268 2382 391 2458 παῖδας
413 2379 447 2460 ἐξ
471 2375 572 2464 αὐτῆς
590 2376 708 2445 Ἴασον
735 2379 792 2445 καί
815 2377 1012 2468 Δάρδανον.
1046 2378 1167 2463 Ἴασος

141 2485 203 2573 μὲν
228 2478 292 2555 οὖν
319 2484 439 2573 ἠίθεος
465 2486 574 2572 μένει,
604 2482 787 2570 Δάρδανος
818 2483 856 2552 δὲ
878 2483 994 2572 άγεται
1016 2502 1167 2572 γυναῖκα

140 2591 281 2679 Χρύσην
310 2592 510 2671 Πάλλαντος
541 2594 728 2680 θυγατέρα,
762 2594 795 2674 ἐξ
822 2583 862 2679 ἧς
889 2590 979 2683 αὐτῷ
1006 2597 1167 2679 γίνονται

140 2701 257 2777 παῖδες
282 2696 405 2778 Ἰδαῖος
433 2699 489 2766 καὶ
517 2703 654 2785 Δείμας.
701 2689 795 2766 οὗτοι
821 2700 904 2778 τέως
934 2698 997 2786 μέν
1027 2702 1064 2769 έν
1091 2700 1168 2790 Ἀρ·

139 2806 240 2893 καδίηι
262 2803 513 2892 παραλαβόντες
534 2802 597 2889 τὴν
616 2803 798 2884 Ἄτλαντος
821 2808 1026 2874 δυναστείαν
1050 2809 1166 2895 ἐβασί-

99 2931 127 2972 25
140 2917 257 2996 λευον,
292 2915 403 2978 ἔπειτα
430 2913 666 2997 κατακλυσμοῦ
693 2911 881 2996 γενομένου
907 2911 1058 2999 μεγάλου
1086 2916 1167 3005 περὶ

140 3015 201 3103 τὴν
227 3014 406 3103 Ἀρκαδίαν
433 3013 474 3084 τά
501 3015 563 3102 μὲν
591 3018 690 3083 πεδία
720 3015 927 3103 ἐξελιμνώθη
950 3019 1007 3086 καί
1031 3026 1166 3091 πολλοῦ

141 3255 174 3302 13
193 3174 560 3314 niizffssf‘zffffizfisssss'ffssg*
632 3171 871 3302 έτολλῖίάσιιι
886 3183 919 3302 ¹3
940 3173 1166 3322 ww

140 3319 295 3374 Glareanus
376 3323 409 3372 18
427 3316 649 3385 κατηστερίσθαι
676 3315 726 3371 Bb
758 3319 990 3389 καταστερῆτθαι
1017 3323 1044 3378 A
1077 3327 1166 3380 καθι-

140 3392 305 3460 στορεῖσθαι
323 3388 369 3442 Ba
388 3388 430 3456 (λ)
516 3391 550 3441 23
572 3382 602 3440 ol
618 3381 650 3440 τὸ
674 3386 786 3451 τέωςΑ
815 3387 842 3444 οἳ
859 3385 891 3444 τὸ
921 3389 992 3456 τέως
1019 3393 1044 3448 Β
1077 3393 1165 3453 om

139 3458 208 3523 τέως
236 3460 285 3514 Bb
305 3475 374 3514 corr.
394 3455 537 3528 Kiessling
