2454 3916
496 223 662 274 -Γ-
1019 217 1083 284 317

70 388 183 473 μαίοις
209 379 446 468 ὑπετάχθημεν
474 382 536 460 ἕως
561 383 659 468 τῆςδε
686 383 744 466 τῆς
770 378 895 469 ἡμέρας
924 377 1086 467 αἰσχύνης

70 489 194 580 μεστὸν
216 489 272 556 καὶ
296 486 422 574 ὀδάνης
444 492 530 573 ἔχων
552 485 615 556 τὸν
644 492 722 573 βίον
745 487 953 556 διατετέλεκα
975 491 1086 555 καίτοι

68 601 224 685 τιμηθείς
246 621 284 681 με
306 592 372 663 ὑπὸ
395 598 456 664 τοῦ
478 596 642 680 βασιλέως
665 592 777 663 αὐτῶν
799 598 840 684 τῇ
863 591 1086 683 αὐτοκράτορι

66 702 167 793 άρχῇ,
189 698 234 790 ἢν
252 706 367 788 τρίτον
385 705 458 780 έτος
480 699 546 788 ἤδη
564 704 664 769 τοῦτο
688 705 751 788 ἔχω
770 702 827 769 καὶ
849 705 882 769 εί
898 705 1085 788 βουλοίμην
1186 774 1189 781 ,

70 813 166 900 μέχρι
189 806 314 888 παντὸς
338 809 408 889 ἔξω.
449 803 533 876 άλλδι
551 807 688 876 πάντων
711 805 898 894 ἡγούμενος
919 803 1006 876 εἶναι
1028 829 1113 877 oca-⁵

69 920 142 987 κάν
166 921 306 1003 ἔσχατον
330 916 367 982 έν
391 911 453 982 οὑκ
471 911 649 1001 εὐτυχοῦσι
671 927 742 995 τοῖς
760 929 889 995 κοινοῖς
911 913 1017 1002 μόνος
1034 913 1087 983 εὑ-

70 1036 200 1111 τυχεῖν,
224 1019 481 1108 ἐνθυμούμενος
504 1020 542 1090 δὲ
572 1019 625 1090 ότι
646 1019 736 1111 παρὰ
758 1019 868 1090 πάντα
889 1018 930 1090 τά
952 1047 1087 1109 νενομι-

72 1131 178 1218 σμένα
199 1125 278 1218 παρ’
295 1124 490 1216 ἀνθρώποις
509 1125 586 1196 ὅσια
608 1126 670 1215 τὴν
689 1125 873 1216 ἡγεμονίαν
895 1125 952 1197 ὑπ’
974 1125 1086 1196 αὑτων

72 1235 311 1325 άφηρέθημεν,
338 1233 506 1302 ἐσκόπουν
539 1231 629 1315 ὅπως
659 1230 704 1303 άν
730 1232 837 1321 αὐτὴν
870 1233 1088 1323 ἀνακομισαί-

71 1352 162 1432 μεθα
184 1344 347 1431 μηδεμιᾶς
369 1343 586 1429 πειραθέντες
612 1340 757 1428 μεγάλης
787 1351 976 1431 συμφορᾶς·
1008 1351 1088 1410 πολ·
1102 1361 1128 1402 1⁰

71 1448 153 1529 λοὺς
181 1448 219 1518 δὲ
244 1447 301 1516 καί
327 1446 563 1527 παντοδαποὺς
591 1445 774 1536 λομισμοὺς
800 1448 983 1535 λαμβάνων
1007 1453 1088 1535 μίαν

24 1553 235 1645 ιῖὸεὑρισκον
259 1553 343 1625 ὁδὸν
370 1553 524 1641 άμουσαν
552 1554 605 1623 έπλ
631 1552 673 1624 τά
698 1553 876 1642 πράγματα
903 1553 1030 1645 ῥᾴστην
1052 1582 1089 1624 τε

71 1664 129 1734 καί
156 1661 440 1750 ἀκινδυνοτάτην,
468 1670 503 1730 εί
529 1687 580 1742 τις
611 1659 726 1742 αὑτοῖς
753 1659 916 1749 άνασταίη
944 1661 1089 1749 πόλεμος

72 1774 110 1841 ἐκ
137 1774 205 1839 τόν
232 1768 475 1858 πλησιοχώρων
502 1767 643 1838 πόλεων.
694 1773 742 1850 είς
770 1770 834 1856 γὰρ
860 1773 983 1838 τοῦτον
1011 1768 1127 1839 ime-8

71 1877 249 1964 λάμβανον
285 1874 408 1956 αὑτοὺς
447 1878 718 1963 καθισταμένους
753 1875 938 1964 συμμάχων
976 1876 1129 1964 &arjos-1⁵

72 1994 159 2054 σθαι
187 1983 244 2052 καί
272 1982 415 2072 πριόνων
447 2009 486 2068 με
515 1979 620 2070 ὑμῶν.
665 1981 704 2051 τὸ
733 1980 774 2070 δη
807 1980 889 2070 μετὰ
919 1987 1019 2053 τοῦτο
1048 1982 1089 2053 οὑ

73 2094 201 2178 πολλῆς
222 2086 462 2176 ὑπελάμβανον
489 2086 573 2176 ὑμῖν
600 2092 741 2176 διδαχῆς
763 2088 913 2177 δεήσειν,
937 2088 989 2159 ὅτι
1010 2090 1089 2159 κάλ-

71 2196 150 2268 λιόν
173 2222 208 2266 τε
236 2196 292 2264 καὶ
321 2194 533 2283 δικαιότερον
559 2197 716 2285 περὶτῆς
742 2193 839 2284 ἡμῶν
863 2194 976 2266 αὑτων
999 2199 1090 2266 έλευ-

70 2309 193 2393 θερίας
215 2306 344 2390 μᾶλλον
366 2297 387 2388 ἢ
411 2303 487 2391 περὶ
510 2306 570 2389 τῆς
587 2299 760 2391 Ῥωμαίων
787 2301 968 2391 ἡγεμονίας
994 2303 1090 2389 ποιη-

72 2420 202 2481 σασθαι
232 2407 294 2478 τὸν
326 2406 451 2495 άμὺνα.
510 2411 615 2477 ταῦτα
648 2409 844 2496 διανοηθείς
874 2407 1090 2497 ὑπενόμενσα
1104 2461 1131 2501 ,0

66 2516 246 2604 Ῥωμαίοις
267 2514 415 2600 πόλεμον
446 2515 481 2582 ἐκ
508 2518 577 2583 τῶν
599 2511 759 2602 ὑπηκόων
784 2512 1011 2596 Οὐιεντανοὺς
1033 2518 1090 2585 καὶ

76 2627 287 2711 Φιδηναίους
308 2626 424 2701 πείσας
451 2621 505 2690 ἐπὶ
527 2619 568 2691 τὰ
591 2619 677 2690 ὅπλα
696 2635 829 2710 χωρεῖν,
853 2619 898 2703 ὡς
921 2623 1089 2710 συλληψό-

73 2756 176 2819 μενος
198 2727 313 2808 αὑτοῖς
335 2731 396 2797 τοὺ
419 2730 578 2816 πολέμου.
618 2729 674 2797 καί
696 2731 793 2817 μέχρι
816 2728 938 2798 τούτου
961 2732 1090 2818 λέληθα

67 2835 255 2924 Ῥωμαίους
284 2837 390 2904 ταῦτα
421 2834 575 2924 πράττων
606 2836 662 2904 καὶ
690 2836 931 2924 ταμιευόμενος
958 2841 1089 2931 ἐμαυτῷ

67 2942 135 3015 ’τὸν
158 2946 217 3030 τῆς
240 2944 423 3023 ἐπιθέσεως
445 2942 579 3031 καιρόν·
612 2944 649 3011 έν
672 2933 700 3035 ᾇ
724 2945 895 3026 σκέψασθε
918 2943 981 3014 ὅσα
1005 2943 1092 3032 άφε-
1105 2973 1131 3016 ιε

74 3049 308 3138 ληθησόμεθα.
353 3053 486 3138 πρῶτον
508 3049 570 3137 μὲν
590 3047 651 3118 οὑκ
674 3051 712 3118 ἐν
730 3056 867 3146 φανερῷ
886 3051 1090 3138 βουλεύσαν-
1102 3047 1144 3112 10

123 3327 126 3333 .
148 3289 164 3337 3
184 3301 215 3351 ηε
233 3281 371 3336 Βόολιολετ
393 3301 423 3336 τε
442 3281 496 3336 AB
572 3284 590 3335 4
612 3282 697 3337 τοῦτο
720 3300 775 3338 om.
797 3283 845 3337 Βε,
916 3288 932 3336 9
953 3276 1045 3336 άναιιο
1066 3302 1091 3336 ι-
1160 3284 1164 3291 ’

75 3350 196 3425 σάμεθα
220 3353 242 3408 O
272 3352 393 3409 correxit
419 3351 561 3422 Kiessling
653 3359 687 3408 12
716 3347 848 3424 εὕρισκον
875 3353 952 3409 ABb
979 3302 1090 3422 Βοὶεὑὺε,

76 3422 215 3495 εὑρίσκων
233 3424 280 3479 Ba
344 3418 666 3494 1615620.sy1burg
728 3431 763 3481 18
782 3423 862 3496 ὑμῶν
885 3423 938 3479 ΑΒ
1000 3431 1036 3480 20
1054 3422 1090 3494 δὴ

38 3549 49 3556 ,
76 3496 246 3566 διανοηθείς
265 3513 288 3551 υ.
307 3493 395 3552 Cobet
410 3495 474 3551 obs.
494 3513 521 3565 p.
538 3500 572 3551 64
644 3501 679 3550 24
697 3495 746 3550 καί
763 3497 855 3551 Bom.
869 3497 895 3552 R
911 3496 915 3565 Ι
932 3491 1024 3571 ἑαυτῷ
1043 3497 1092 3552 Aa
