2454 3916
553 214 720 266 ..p-

131 369 246 457 λεύτα,
273 369 435 451 λύσαντες
463 369 521 450 τάς
546 368 758 458 παρεμβολάς
785 367 935 460 ἀπῄεσαν
960 369 1009 440 ἐπ’
1036 380 1145 441 οίκου.

131 478 187 546 καὶ
211 475 228 545 ὁ
252 476 409 563 βασιλεὺς
431 476 618 564 Ταρκύνιος
638 484 753 565 τρίτον
777 479 829 546 έπλ
851 482 911 565 της
934 482 1022 559 ἰδίας
1040 477 1146 567 ἀρχῆς

91 582 191 653 2τὸν
228 587 263 652 ἐκ
299 588 397 671 τῆςδε
431 588 490 671 τῆς
525 583 631 671 μάχης
666 583 832 671 κατήγαγε
867 589 1049 671 θρίαμβον.
1099 589 1144 677 τῷ

132 689 164 759 δ’
195 692 269 778 ἑξῆς
301 693 443 782 ἐνιαυτῷ
481 692 815 778 παρασκευαζομένου
851 689 954 760 πάλιν
990 694 1053 759 τοῦ
1085 696 1144 777 βα-

104 799 250 878 εσιλέως
281 795 426 884 στρατὸν
457 798 511 865 ἐπὶ
541 797 601 877 τὰς
630 795 743 876 πόλεις
775 801 845 865 τῶν
877 802 1041 885 Σαβίνων
1074 798 1145 879 ἐξά·

130 931 204 991 γειν
235 906 292 973 καλ
323 909 532 988 πολιορκίαις
566 901 669 983 αὐτάς
699 902 932 1000 προσάγεσθαι
964 904 1144 990 διεγνωκό-

130 1011 210 1096 τος,Ι
230 1024 390 1096 γενναῖον
418 1009 480 1096 μὲν
509 1007 611 1078 οὐδέν
639 1015 687 1080 έτι
710 1009 881 1097 βούλευμα
903 1012 960 1079 καλ
983 1010 1142 1079 νεανικὸν

132 1115 292 1202 οὐδεμιᾶς
314 1118 460 1202 ἐγένετο,
488 1120 591 1184 πᾶσαι
615 1116 653 1184 δὲ
674 1120 773 1206 κοινῇ
795 1116 913 1206 γνώμη
936 1117 1144 1205 χρησάμεναι

130 1222 211 1310 πρὶν
239 1226 287 1301 είς
313 1226 479 1291 κίνδυνον
511 1225 627 1291 ἐλθεῖν
659 1219 937 1310 ἀνδραποδισμοῦ
964 1225 1020 1292 καὶ
1047 1250 1145 1291 κατα-

90 1313 263 1442 ἴὶοσκαφῆς
299 1329 553 1398 καταλύσασθαι
589 1327 650 1398 τὸν
685 1329 835 1418 πόλεμον
872 1335 1036 1416 ἔγνωσαν.
1089 1332 1146 1399 καὶ

131 1439 287 1522 παρῆσαν
315 1438 348 1518 ἐξ
375 1435 514 1524 ἑκάστης
540 1436 668 1516 πόλεως
695 1440 731 1505 ολ
754 1435 924 1522 κράτιστοι
946 1440 1016 1505 των
1038 1443 1143 1523 Σαβί-

131 1568 203 1610 νων
224 1540 309 1630 πρὸς
325 1546 464 1628 βασιλέα
486 1542 676 1631 Ταρκύνιον
696 1541 920 1629 ἐξεληλυθότα
938 1539 1019 1630 μετὰ
1036 1545 1145 1630 πάσης

130 1647 197 1736 ἤδη
222 1648 398 1736 δυνάμεως
424 1649 671 1738 παραδιδόντες
698 1649 789 1740 αύτῷ
814 1646 856 1718 τά
876 1654 968 1736 τείχη
991 1651 1048 1718 καλ
1072 1649 1146 1719 δεδ-

132 1781 228 1843 μενοι
243 1761 377 1843 μετρίας
389 1756 599 1843 ποιήσασθαι
610 1754 711 1843 <τάς>
723 1754 914 1842 συμβάσεις.
942 1753 960 1824 δ
982 1755 1020 1824 δὲ
1037 1754 1192 1828 άσπα-ετε

91 1891 118 1933 15
132 1866 217 1943 στῶς
249 1861 428 1949 δεξάμενος
459 1861 521 1951 τὴν
554 1861 639 1931 άνευ
674 1862 847 1932 κινδύνων
879 1859 1052 1949 ὑποταγὴν
1085 1868 1146 1932 τοῦ

132 1975 258 2048 ἔθνους
285 1967 436 2049 σπονδάς
462 1995 498 2036 τε
524 1982 668 2038 ποιεῖται
690 1967 774 2056 πρὸς
803 1965 926 2049 αύτούς
947 1965 1032 2056 ὑπὲρ
1056 1970 1146 2057 εἰρή-

131 2103 194 2163 νης
211 2104 246 2145 τε
264 2077 319 2144 καλ
338 2081 453 2163 φιλίας
471 2077 524 2144 ἐπὶ
542 2089 614 2154 ταῖς
632 2072 748 2155 αύταίς
767 2073 971 2163 ὁμολογίαις,
990 2070 1043 2156 αἷς
1062 2084 1146 2165 Τυρ·
1190 2126 1196 2139 .

131 2180 259 2272 ρηνούς
284 2182 449 2270 πρότερον
478 2180 685 2268 ὑπηγάγετο,
717 2182 774 2250 καὶ
805 2179 884 2261 τούς
916 2181 1147 2270 αἰχμαλώτους

131 2286 303 2357 άπέδωκεν
327 2286 441 2368 αὐτοῖς
463 2287 547 2357 άνευ
570 2287 711 2376 λύτρων.

92 2421 119 2463 ω
222 2397 356 2463 LXVII.
388 2386 498 2463 Αὗται
521 2395 695 2481 πολεμικαὶ
718 2393 853 2482 πράξεις
875 2396 1039 2481 βασιλέως
1062 2403 1146 2483 Ταρ-

130 2506 254 2570 κυνίου
291 2500 578 2588 μνημονεύονται,
616 2500 782 2588 εἰρηνικαὶ
816 2500 854 2569 δέ
889 2502 945 2570 καὶ
977 2505 1146 2572 πολιτικαὶ

130 2612 259 2677 τοιαίδε
295 2610 400 2694 τινές,
444 2605 524 2676 ούδδ
565 2605 629 2694 γάρ
666 2606 786 2686 ταύτας
823 2606 989 2695 βούλομαι
1024 2619 1146 2698 παρελ-

131 2725 211 2783 θεῖν
243 2713 527 2802 ἀμνημονεύτους.
582 2710 687 2794 εὐθὺς
718 2714 783 2804 γάρ
815 2712 884 2802 ἅμα
918 2718 966 2807 τῷ
997 2724 1146 2804 παραλα-

131 2826 206 2906 βεῖν
233 2818 295 2907 τὴν
323 2819 432 2909 ἀρχὴν
459 2818 520 2888 τὸν
548 2818 731 2907 δημοτικὸν
761 2819 864 2908 ὄχλον
889 2825 1015 2891 οίκεῖον
1039 2823 1146 2915 ἑαυτῷ

92 2950 119 2992 τε
133 2930 271 3013 ποιησαι
302 2933 553 3015 προθυμηθείς,
591 2925 702 3014 ὥσπερ
740 2931 776 2996 οἱ
804 2926 961 3017 πρότεροι
998 2934 1148 3014 βασιλεῖς

133 3035 288 3119 ἐποίουν,
324 3030 381 3100 διὰ
417 3032 573 3112 τοιαύτας
609 3031 801 3121 εὐεργεσίας
835 3031 1039 3121 ὑπηγάγετο·
1079 3037 1147 3105 ἐπι-

153 3261 155 3265 .
203 3188 372 3249 250m.B
444 3188 565 3246 4πάλιν
583 3179 702 3261 στρατὸν
719 3194 771 3248 τού
796 3192 931 3269 βασιλέως
951 3193 974 3249 O
993 3197 1148 3264 praeterB

134 3273 166 3320 11
186 3266 243 3319 τῶν
262 3281 316 3320 om.
335 3264 359 3318 B
432 3269 467 3316 14
484 3258 536 3324 τάς
558 3264 623 3319 add.
646 3264 749 3319 Reiske
823 3270 856 3319 1⁶
879 3261 1022 3321 κινδύνων
1041 3267 1064 3321 Β
1087 3287 1148 3322 κιν-

133 3332 222 3391 δύνου
241 3337 266 3388 R
348 3341 381 3390 17
409 3352 439 3388 τε
467 3335 565 3388 om.B
645 3341 679 3390 20
709 3332 741 3389 αλ
761 3338 827 3404 pout
849 3326 935 3392 αύται
957 3337 1021 3391 αδδ.
1045 3339 1147 3411 ΒεῂεΙτο

132 3414 167 3463 22
196 3401 286 3469 αὐτάς
313 3405 336 3461 0
369 3422 439 3461 corr.
471 3404 624 3476 Κλωδίας,
664 3406 793 3462 Herfflein
823 3407 939 3463 Hermes
972 3408 998 3462 X
1033 3427 1062 3479 p.
1094 3415 1147 3464 411

133 3484 167 3535 26
186 3475 320 3541 τοιαύτας
342 3480 367 3531 Α
384 3470 517 3545 τοιαύτης
534 3478 560 3531 R
