2454 3916
128 212 172 276 64
552 214 718 267 -A—

87 372 291 460 3ἀγασθεὶς
323 371 359 438 δὲ
391 370 469 452 τούς
501 369 706 458 ἀνθρώπους
733 376 793 459 τῆς
824 375 1017 460 φιλοξενίας
1041 371 1145 461 Ἡρα-

129 485 224 568 κλης,
247 478 307 548 τὸν
331 479 392 566 μὲν
417 483 526 567 δῆμον
555 479 698 547 ἑστιάσει
720 477 918 567 ὑποδέχεται
940 479 1050 560 θύσας
1072 483 1145 549 τών

129 592 221 675 βοῶν
244 613 337 666 τινας
360 588 496 673 καὶτῆς
525 584 628 672 ἀλλης
649 591 739 666 λείας
761 585 820 667 τὰς
842 585 981 666 θεκάτας
1004 586 1146 669 ἐξελών·

130 693 210 775 τούς
234 693 271 761 δε
288 698 436 779 βασιλεῖς
454 691 547 782 χώρα
564 697 669 781 πολλη
694 696 850 781 δωρεῖται
874 691 1012 779 Λιγύων
1029 721 1065 762 τε
1087 695 1146 763 καί

101 806 197 875 ετών
229 798 341 868 ἀλλων
371 805 584 887 προσοίκων,
616 799 656 886 ης
687 802 769 887 μέγα
802 798 1036 869 έποιούυτο”
1015 828 1146 889 αρχειν,

127 906 348 995 παρανόμους
370 904 464 985 τινάς
486 907 519 987 ἐξ
542 903 644 992 αύτης
667 905 818 991 ἐκβαλών
841 904 1055 993 ἀνθρώπους.
1092 909 1146 976 λέ-

128 1041 221 1102 γεται
246 1012 283 1081 δὲ
305 1010 389 1098 πρὸς
410 1011 556 1096 τούτοις,
581 1010 626 1092 ώς
648 1014 703 1081 καί
728 1015 844 1100 δέησίν
867 1040 943 1081 τινα
965 1013 1146 1101 ποιήσαιτο

127 1125 198 1190 τών
230 1121 437 1206 ἐπιχωρίων,
469 1116 582 1205 ἐπειδὴ
614 1123 740 1204 πρώτοι
772 1117 857 1187 θεὸν
890 1116 994 1187 αύιὸν
1032 1119 1146 1207 ἐνόμι-

129 1247 210 1311 σαν,
235 1223 324 1305 ὅπως
346 1222 540 1303 ἀθανάτους
570 1222 657 1316 αύτῷ
682 1224 933 1311 θιαφυλάττωσι
954 1223 1014 1304 τὰς
1035 1224 1146 1313 τιμὰς,

89 1364 115 1405 ιο
129 1332 276 1412 θύοντες
303 1331 365 1420 μὲν
397 1329 501 1417 ἄζυγα
530 1329 674 1417 θάμαλιυ
702 1328 767 1398 ἀνά
794 1334 862 1399 πᾶν
886 1335 968 1415 ἔτος,
992 1328 1146 1417 ἁγιστεύ-

131 1467 227 1520 οντες
255 1439 292 1507 θὲ
314 1438 377 1525 τὴν
405 1442 599 1526 ἱερουργίαν
628 1442 743 1505 ἔθεσιν
762 1436 987 1524 Ἑλληνικοῖς·
1019 1439 1076 1506 καὶ
1100 1436 1146 1519 ώς

130 1546 297 1628 διδάξειεν
325 1543 448 1625 αύτούς
476 1543 536 1624 τάς
562 1549 705 1629 θυσίας,
733 1548 790 1612 ἵνα
819 1542 876 1611 διὰ
898 1541 1022 1624 παντὸς
1053 1543 1145 1637 αύτῷ

131 1654 352 1740 κεχαρισμένα
374 1651 516 1737 θύοιεν,
536 1660 650 1730 οἱκους
669 1649 731 1718 δύο
755 1654 824 1719 τών
844 1651 1019 1736 ἐπιφανῶν
1037 1675 1146 1736 παρα-

58 1845 60 1849 7
87 1771 111 1835 4
130 1757 253 1845 λαβών.
294 1755 381 1824 εἱυαι
405 1757 442 1825 δὲ
464 1756 544 1837 τούς
566 1757 739 1844 μαθόντας
761 1757 835 1826 τότε
862 1756 924 1844 τὴν
942 1755 1145 1847 Ἑλληνικὴν

89 1893 115 1934 15
130 1869 325 1953 ἱερουργίαν
340 1869 520 1943 Ποτιτίους
534 1890 569 1932 τε
583 1865 638 1931 καί
654 1870 852 1952 Πιναρίους,
867 1861 926 1949 ἀφ’
944 1855 992 1931 ώυ
1007 1863 1145 1953 τὰγένη

130 1975 300 2060 διαμεῖναι
336 1971 431 2056 μέχρι
468 1976 594 2039 πολλοῦ
635 1970 697 2058 τὴν
733 1972 922 2057 ἐπιμέλειαν
950 1970 1141 2058 ποιούμενα
1149 1997 1198 2046 103

127 2081 197 2147 τών
219 2079 374 2161 θυσιών,
403 2072 448 2156 ώς
470 2078 597 2156 ἐκεῖνος
619 2077 859 2164 κατεστήσατο,
888 2082 1059 2146 Ποτιτίων
1082 2079 1146 2166 μὲν

128 2181 331 2270 ἡγουμένων
354 2187 412 2271 τῆς
436 2187 626 2271 ἱερουργίας
647 2184 703 2250 καί
725 2187 792 2251 τών
817 2183 974 2272 ἐμπύρων
998 2182 1145 2272 ἀπαρχο-

130 2292 258 2379 μένων,
282 2295 460 2378 Πιναρίων
486 2289 523 2358 ὃὶ
547 2289 747 2377 σπλάγχνων
770 2316 805 2357 τε
835 2295 1013 2377 μετουσίας
1036 2295 1145 2378 εἱργο-

88 2400 246 2486 νομένων
282 2398 337 2464 καί
375 2395 438 2465 ὅσα
474 2396 559 2465 ἀλλα
594 2399 696 2485 ἐχρῆν
728 2394 784 2465 ὑπ’
819 2394 947 2484 ἀμφοῖν
985 2402 1146 2482 γίνεσθαι

128 2503 194 2601 τὴν
218 2505 378 2592 δευτέραν
397 2502 497 2591 τιμὴν
516 2503 673 2591 ἐχόντων.
700 2502 825 2590 ταύτην
846 2502 883 2570 δὲ
906 2500 1019 2582 αύτοῐς
1041 2524 1156 2591 προσ-Υ

128 2613 271 2697 τεθῆναι
303 2607 365 2695 τὴν
398 2609 534 2697 ἀτιμίαν
567 2609 693 2697 ὀψίμου
724 2613 784 2696 τῆς
814 2613 999 2695 παρουσίας
1036 2611 1146 2697 ἕνεκα,

130 2713 261 2801 ἐπειδὴ·
283 2717 391 2782 ἕωθεν
430 2715 544 2796 αὐτοῖς
575 2715 758 2784 κελευσθέν
793 2713 887 2802 ἥκειν
920 2716 1146 2802 ἐσπλαγχνευ-

88 2822 243 2908 5μέυων
270 2818 336 2906 ἤδη
364 2825 433 2888 τών
462 2824 562 2908 ἱερών
590 2821 763 2908 ἀφίκοντο.
805 2824 870 2889 νύν
894 2822 1008 2907 μέντοι
1033 2820 1147 2892 ούκέτι

89 2951 115 2993 τι
129 2939 200 3006 τοῖς
227 2929 338 3012 γένεσι
365 2926 497 3006 τούτοις
523 2925 544 3013 ἡ
571 2929 646 3016 περὶ
672 2926 730 3007 τὰς
758 2931 948 3015 ἱερουργίας
976 2929 1148 3014 ἐπιμέλεια

129 3032 312 3117 ἀντίκειται,
336 3030 420 3100 ἀλλὰ
443 3037 559 3113 παῖδες
582 3037 617 3102 ἐκ
639 3038 700 3103 τού
720 3037 887 3120 δημοσίου
909 3031 1033 3120 ώνητοὶ
1057 3038 1147 3123 θρώ-

202 3198 217 3246 2
247 3187 373 3246 ἕστιᾶσαι
392 3193 444 3247 ΑΒ
464 3210 532 3250 corr.
552 3194 672 3264 Sylburg
744 3187 950 3261 σύνθρύιιους
969 3209 1024 3248 om.
1043 3192 1115 3249 A*
1090 3217 1147 3283 αρ-

130 3284 232 3351 χοντας
250 3263 296 3318 vel
313 3263 372 3317 tale
391 3264 501 3350 quide.
522 3265 643 3320 Sintenis
662 3266 722 3318 Em.
729 3264 818 3351 Πὶρη.
834 3264 918 3351 IIIp.
939 3269 954 3317 ’ί
1029 3261 1098 3320 10
1082 3286 1146 3336 αγι-

130 3331 321 3397 στεύοντεςΑ
348 3331 527 3397 πιστεύοντες
549 3336 571 3389 Β
644 3342 675 3389 12
701 3330 806 3396 αύτούς
830 3335 851 3390 Ο
882 3329 969 3396 αύτός
997 3353 1019 3391 ο.
1040 3338 1146 3394 Reiske

131 3415 164 3465 13
175 3399 347 3477 παραλαβών
356 3406 443 3460 omB
480 3406 631 3475 θο*χρῆνῗ
668 3404 928 3493 21προςτιθέναιΒ
967 3407 1147 3463 22είνειιαΒ

131 3478 251 3535 ἔνεκενί
324 3482 358 3531 23
378 3476 708 3547 σπλαγχνευσαμένωνΒ
781 3483 815 3530 24
835 3472 980 3546 ἕτέρωνσ.
1000 3476 1148 3552 Kieseling
