2454 3916
491 226 659 280 „A...
1043 225 1085 291 89

70 386 124 453 καὶ
157 376 262 465 αὖθις
285 386 414 474 ἕτερος·
446 387 484 453 έν
506 384 613 477 τούτῳ
633 386 792 474 τυγχάνει
814 415 864 466 τις
891 383 995 455 εἰπάν
1022 394 1087 453 εἴτε
1147 451 1151 462 ,

69 496 136 561 τῶν
151 496 294 560 Αἰνείου
315 494 456 579 παίδων,
481 489 525 572 ὡς
539 493 640 578 λόγος
663 498 739 580 ἔχει,
763 503 828 562 εἴτε
850 498 918 562 τῶν
943 490 1086 579 ὁμοσκή-

69 625 156 685 νων,
176 595 264 666 Ἀλλ’
290 595 372 685 ἡμῖν
393 625 432 684 γε
454 598 519 686 ἤδη
542 601 598 668 καὶ
621 598 642 687 ἡ
665 599 808 684 τράπεζα
829 598 1085 686 κατεδήδεσται·

70 702 112 784 ὡς
137 703 175 772 δὲ
197 708 297 773 τούτο
321 703 483 792 ἥκουσαν,
506 703 650 786 ἅπαντες
671 703 951 796 ἀνεθορύβησαν,
979 701 1024 783 ὥς
1045 700 1086 771 τά

68 815 183 899 πρῶτα
203 808 267 879 τοῦ
289 811 519 900 μαντεύματος
540 811 606 900 ίΙδη
621 819 718 900 σφίσι
730 816 825 894 τέλος
849 819 928 900 ἔχοι.
958 804 1002 899 ἦν
1021 809 1113 906 γάρ5

67 945 97 986 τι
116 919 295 1003 θέσφατον
313 915 435 1006 αὐτοῖς,
455 916 499 998 ὡς
518 921 580 1006 μέν
598 946 688 999 τινες
702 922 860 1007 λέγουσιν
877 922 913 988 ἐν
929 915 1085 1004 Δωδώνῃ

68 1023 266 1111 γενόμενον,
290 1021 335 1104 ὡς
358 1021 387 1090 δ’
413 1026 520 1111 ἕτεροι
542 1025 736 1115 γράφουσιν
763 1029 802 1095 έν
826 1029 957 1121 έρυκθρᾷ
980 1027 1086 1114 χέρσφ

68 1135 125 1219 τῆς
158 1129 272 1216 Ἴδης,
318 1136 406 1200 ἔνθα
446 1130 525 1224 ς’άκει
567 1138 722 1219 Σίβυλλα
762 1136 924 1221 ἐπιχωρία
969 1130 1086 1218 νύμφη

46 1234 282 1328 μχρησμφδός,
306 1233 326 1323 ἣ
349 1220 611 1326 αὐτοῖς-ἔφρασε
625 1247 721 1308 πλεῖν
740 1242 793 1308 ἐπὶ
813 1243 953 1327 δυσμῶν
976 1236 1087 1325 ἡλίου,

68 1346 148 1426 τέως
166 1340 211 1412 ἂν
225 1348 273 1423 είς
290 1348 389 1413 τοῦτο
408 1343 446 1413 τὸ
460 1351 587 1433 χωρίον
606 1349 765 1431 ἔλθωσιν,
789 1338 868 1438 ένῷ
889 1348 1085 1414 κατέδονται
1099 1371 1126 1412 ιο

68 1450 125 1532 τάς
147 1453 326 1539 τραπέζας·
350 1448 432 1519 ὅταν
455 1450 492 1519 δὲ
506 1455 606 1521 τοῦτο
630 1452 766 1539 μάθωσι
789 1452 987 1539 γενόμενον,
1010 1449 1085 1537 ἡγε-

69 1558 157 1645 μόνα
193 1557 380 1645 τετράποδα
416 1561 684 1645 ποιησαμένους,
721 1557 808 1628 ὅπου
843 1554 887 1628 άν
921 1557 1010 1646 κάμη
1046 1554 1084 1625 τὸ

69 1669 171 1756 ζῷον,
203 1666 353 1732 ἐνταῦθα
383 1668 565 1751 δείμασθαι
594 1665 704 1734 πόλιν.
748 1671 848 1735 τοῦτο
880 1665 922 1753 δὴ
944 1663 983 1734 τὸ
1006 1653 1126 1732 &eo-5

68 1770 215 1859 πρόπιον
246 1769 538 1857 ἀναμνησθέντες,
571 1776 606 1840 οί
636 1771 698 1859 μὲν
727 1772 767 1842 τά
800 1775 859 1860 ἕδη
891 1776 960 1840 τῶν
992 1775 1085 1840 θεῶν

69 1883 212 1945 Αἰνείου
235 1876 454 1956 κελεύσαντος
477 1881 525 1957 είς
543 1876 580 1946 τὸ
595 1877 801 1967 ἀποδειχθὲν
823 1884 951 1968 χωρίον
974 1879 1009 1946 ἐκ
1027 1881 1086 1964 τῆς
1100 1893 1126 1934 1⁵

69 1981 152 2064 νεὼς
181 1984 357 2070 ἐξέφερον,
386 1985 421 2051 οί
447 1983 485 2051 δέ
506 1983 623 2085 βάθρα
649 1986 705 2053 καί
735 1984 870 2073 βωμούς
890 1983 1087 2053 κατεσκεύα-

67 2095 123 2170 ζον
149 2087 276 2175 αὐτοῖς,
300 2093 337 2157 αι’
359 2089 396 2158 δὲ
410 2105 567 2176 γυναῖκες
590 2089 737 2180 ὀλολυγῇ
760 2093 816 2160 καὶ
834 2098 981 2180 χορείαις
1002 2090 1087 2179 χροί-

65 2223 166 2282 μεναι
195 2196 416 2284 παρεκόμιζον
443 2195 483 2264 τά
513 2197 602 2284 ίερά,
631 2202 667 2267 οί
687 2198 725 2266 δέ
747 2198 834 2286 άμφὶ
860 2197 921 2267 τὸν
945 2203 1087 2267 Αίνείαν

60 2308 404 2391 παρασκευασθείσης
416 2309 542 2383 θυσίας
562 2310 694 2391 ἔχοντες
706 2303 786 2385 τούς
809 2303 998 2392 στεφάνους
1010 2305 1087 2392 περὶ

59 2411 124 2481 τὸν
148 2407 269 2497 βωμὸν
293 2414 444 2497 ἔστησαν.
1100 2425 1127 2466 ²⁰

46 2560 55 2578 -
155 2518 242 2597 LVI.
275 2514 332 2585 Ἐν
361 2509 388 2609 ᾧ
417 2517 455 2585 δέ
485 2510 579 2586 οὗτοι
608 2515 667 2599 τάς
695 2514 794 2604 εύχάς
824 2516 1038 2605 ἐποιήσαντο,
1066 2517 1087 2606 ἡ

54 2628 239 2710 μέλλουσα
274 2628 524 2712 καθιεροῦσθαι
561 2617 601 2706 ὗς
639 2625 794 2712 ἐγκύμων
832 2616 918 2692 οὖσα
952 2625 1009 2692 καὶ
1046 2625 1087 2694 ού

53 2731 185 2821 πρόσω
208 2729 311 2799 τόκου
333 2734 592 2821 καταρχομένων
615 2729 719 2819 αὐτῆς
738 2734 807 2799 τῶν
830 2730 992 2820 θυτήρων
1016 2735 1087 2800 δια-

51 2839 249 2926 σεισαμένη
272 2838 328 2906 καὶ
347 2837 572 2926 ἀποφυγοῦσα
590 2837 670 2919 τοὺς
692 2840 891 2925 κατέχοντας
913 2836 985 2906 άνω
1010 2843 1087 2923 [θα-

139 3006 154 3053 1
182 2991 322 3070 ἐντούτῳ
346 2998 449 3054 Reiske
472 2993 563 3054 τούτω
586 2997 609 3052 Β
641 3000 769 3054 τούτοΒ
861 3005 875 3054 7
905 2994 1015 3068 ἐρυθρά
1038 2997 1061 3052 Β
1082 2999 1086 3071 Ι

55 3067 207 3140 ἐρυθραῖς
225 3069 251 3122 Α
266 3070 271 3138 Ι
287 3068 410 3139 *σχεσίω
429 3070 483 3124 ΑΒ
517 3068 619 3140 σχεδὸν
638 3071 760 3141 Sylburg
783 3071 874 3140 χωρίω
893 3071 995 3126 Portus
1019 3088 1089 3139 σπη-

54 3143 143 3213 λαίῳ·
156 3157 180 3195 ο.
199 3140 304 3208 Reiske
322 3143 477 3213 χρηστηρίῳ
502 3159 525 3197 ο.
548 3141 670 3197 Sintenis
688 3143 749 3198 Em.
768 3124 886 3196 mom
904 3159 931 3211 p.
952 3147 968 3195 3
996 3143 1086 3213 πεδίῳ

60 3211 197 3267 Scheller
216 3206 306 3284 ἐχυρῷ
325 3213 471 3267 Μεολτοεε
484 3216 558 3268 Ann.
574 3213 643 3282 phil.
660 3219 728 3269 1877
747 3231 774 3282 μ.
796 3217 847 3268 827
921 3218 937 3267 8
956 3207 1027 3280 ἤδης
1041 3212 1087 3266 Ba

103 3278 367 3356 θχρ<η>σμωδ<δς
385 3277 426 3354 ἣ>
444 3283 576 3353 ΒΙπλῆν
594 3284 640 3339 Ba
708 3290 742 3339 10
761 3278 945 3352 *ἕωςΟΙτδ
965 3298 1020 3366 (χω.
1038 3282 1084 3353 ΑΙ

57 3352 237 3408 κατέδονται
256 3354 361 3409 Usener
383 3355 572 3409 κατεδοῦνται
591 3355 643 3409 ΑΒ
721 3363 754 3410 12
780 3349 846 3409 ὅποι
871 3354 894 3407 Β
928 3355 932 3420 Ι
966 3370 1023 3418 οπη
1048 3347 1086 3405 διν

59 3419 169 3496 κάρφη
188 3442 211 3480 e
228 3425 335 3480 Usener
351 3425 420 3479 Mus.
430 3425 518 3481 Rhen.
528 3424 607 3480 XXV
627 3432 679 3481 610
743 3431 777 3480 22
788 3420 826 3487 ὡς
846 3419 977 3493 ἐγκύμων
994 3404 1087 3484 ύςΑο

108 3501 141 3550 24
158 3492 219 3552 άνω
239 3494 262 3549 O
281 3491 339 3551 άπὸ
360 3513 382 3551 ο.
402 3495 544 3567 Kiessling
560 3499 564 3566 Ι
580 3492 748 3566 *θαλάττης
766 3496 859 3551 delevi
