2454 3916
577 215 743 266 ..Γ-

151 367 337 440 καὶπολλὰ
359 368 425 459 ήδη
454 370 681 461 στρατεύματα
708 372 835 460 μεγάλα
862 371 917 441 ὑπ’
947 370 1090 454 ούδενὸς
1114 372 1173 442 ού-

88 499 91 503 ’
151 503 217 557 τως
240 478 356 567 ἑτέρου
378 481 530 568 φοβεροῦ
558 478 756 568 παθήματος
784 477 830 560 τός
856 478 921 550 ὑπὸ
947 480 1047 567 δόξης
1070 485 1174 567 κενῆς

153 592 248 671 ἰσμεν
276 583 482 674 πανώλεθρα
512 589 756 675 διαφθαρέντα.
805 584 843 656 τὸ
872 583 903 654 δ’
934 585 1098 675 ἰμίτερον
1130 586 1173 656 ού

151 689 252 777 λόγος
291 695 382 758 ἔσται
417 689 516 773 κενὸς
553 691 628 761 οὐδ’
658 689 787 780 ἀφανὲς
818 697 931 781 δεῖμα,
964 690 1037 762 ἀλλ’
1068 698 1172 783 ἔργον

152 795 283 886 ἀπάσης
310 795 419 881 όψεως
444 801 501 868 καὶ
528 804 644 888 πείρας
671 799 916 890 φοβερώτερον.
962 798 1021 869 ἐὰν
1046 798 1078 867 δ’
1103 798 1173 889 ἀρα

151 903 312 975 τάναντία
339 910 408 976 τῶν
436 908 682 997 λελογισμένων
710 906 874 995 γινόμενα
902 904 971 996 δρῶ
995 907 1164 998 (λεγέσθω
1172 929 1220 978 479

151 1012 215 1102 γὰρ
247 1014 303 1081 καί
334 1011 375 1081 τόι
409 1012 499 1102 παρὰ
534 1011 593 1094 τὰς
629 1013 850 1103 ἀνθρωπίνας
886 1013 987 1096 δόξας
1022 1013 1173 1084 εἰωθότα

151 1117 320 1206 ἀπαντᾶν,
344 1118 458 1207 ἐπειδή
482 1118 591 1189 πολλὰ
612 1121 669 1188 καὶ
691 1119 732 1189 τά
757 1120 802 1209 μή
826 1119 938 1189 εἰκότα
961 1123 996 1189 οἰ
1016 1125 1087 1206 βίοι
1110 1125 1172 1209 φέ-

151 1227 265 1318 ρουσι)
288 1224 449 1296 τάναντία
472 1228 528 1295 καὶ
551 1223 653 1309 αὐτὸς
675 1218 725 1295 ὦν
745 1225 944 1317 προύθέμην
968 1226 1172 1316 ἐπιχειρήσω

112 1348 139 1388 1⁰
151 1346 271 1402 ποιεῖν.
317 1332 384 1416 ἀξω
413 1331 477 1422 γὰρ
505 1331 592 1421 ὑμᾶς
614 1335 668 1403 ἐπὶ
694 1330 774 1414 τούς
800 1338 980 1419 πολεμίους
1002 1331 1072 1421 ἀμα
1089 1331 1171 1402 Ῥω-

151 1444 262 1527 μαίοις
283 1442 340 1509 καὶ
363 1441 577 1529 συλλήψομαι
596 1439 711 1520 αὐτοῖς
732 1444 791 1527 τής
813 1446 910 1527 νίκης
925 1440 989 1528 τήν
1011 1466 1046 1510 τε
1068 1441 1171 1510 κατά-

150 1555 255 1633 ληψιν
277 1552 345 1617 τῶν
368 1545 510 1634 ὑψηλῶν
532 1551 738 1634 πεποιήσθαι
765 1546 935 1637 σκήψομαι
959 1550 1019 1634 τής
1040 1547 1171 1617 κυκλού-

150 1674 234 1734 σεως
260 1659 328 1724 τάν
356 1652 643 1742 ἀντιτεταγμένων
675 1656 780 1723 ἕνεκα.
829 1653 1003 1741 γενήσεται
1032 1654 1073 1723 δέ
1100 1681 1171 1742 μου

149 1762 265 1842 πιστὸς
293 1760 311 1830 ὁ
336 1760 437 1846 λόγος
464 1767 544 1851 ἔργα
573 1759 828 1849 ὁμολογούμενα
854 1765 895 1849 τή
923 1759 1043 1848 σκήψει
1068 1782 1170 1849 παρε-

110 1887 136 1929 ω
150 1868 329 1955 σχημένου,
354 1866 440 1936 ὥσθ’
459 1866 546 1956 ήμάς
567 1871 635 1938 τῶν
655 1867 716 1956 μὲν
736 1871 860 1936 δεινῶν
884 1869 1080 1957 μηδετέροις
1097 1894 1170 1937 κοι·

149 1979 317 2062 νωνήσαι,
348 1980 408 2064 τής
441 1973 472 2042 δ’
508 1974 687 2064 ἀμείνονος
717 1974 819 2063 τύχης
849 1973 928 2062 παρ’
963 1973 1168 2065 ἀμφοτέρων

98 2077 357 2168 18μεταλαβείν.
404 2081 468 2170 ἐγὼ
492 2082 553 2171 μὲν
578 2080 620 2169 δή
641 2085 745 2152 ταῦτα
764 2080 894 2169 ἔγνωκά
917 2107 952 2150 τε
974 2083 1030 2150 καὶ
1050 2068 1168 2172 δράσω

150 2187 214 2258 σὺν
242 2199 338 2271 θεοῖς
368 2189 528 2278 κράτιστα
556 2189 639 2259 όντα
663 2187 709 2270 Ιού
736 2188 844 2276 μόνον
865 2187 1053 2276 Ἀλβανοῖς,
1081 2188 1168 2259 ἀλλὰ

148 2300 292 2378 καὶτοῖς
310 2296 426 2378 ἀλλοις
440 2302 611 2384 Λατίνοις,
629 2294 716 2383 ὑμᾶς
735 2295 773 2366 δὲ
791 2295 854 2385 χρή
878 2293 977 2383 σιγήν
996 2295 1059 2383 μὲν
1077 2301 1168 2384 πρῶ-

108 2424 135 2463 2⁰
147 2433 208 2475 τον
232 2404 475 2493 φυλάττοντας,
498 2410 609 2473 ἔπειτα
627 2404 757 2492 κόσμον
780 2429 815 2471 τε
834 2401 1000 2484 σώζοντας
1021 2403 1079 2473 καί
1097 2417 1169 2485 τοίς

147 2513 475 2602 παραγγελλομένοις
525 2510 625 2594 ὀξέως
669 2509 920 2600 ὑπηρετοῦντας
963 2508 1168 2598 προθύμους

147 2618 335 2707 ἀγωνιστὰς
362 2627 520 2707 γίνεσθαι
547 2621 603 2688 καὶ
630 2617 710 2699 τούς
736 2615 797 2706 ὑφ’
824 2616 938 2700 αὑτοῖς
964 2619 1167 2706 προθύμους

146 2728 321 2815 παρέχειν,
349 2728 628 2815 ἐνθυμουμένους
656 2723 708 2794 ότι
736 2723 799 2812 οὐχ
827 2722 945 2813 ὅμοιός
967 2728 1059 2794 ἐστιν
1082 2723 1165 2814 ήμίν

146 2859 181 2903 τε
203 2834 259 2902 καί
281 2848 352 2915 τοῖς
375 2832 490 2914 ἀλλοις
513 2832 710 2923 ἀνθρώποις
738 2830 756 2900 ὁ
780 2833 856 2921 περὶ
879 2835 937 2919 τής
965 2833 1211 2920 έλευθερίαςίεο

100 772 141 836 17

125 857 137 899 ι

219 3061 422 3152 1ήδ<η>..Β
481 3065 639 3135 4δεῖμαΒ
658 3066 801 3134 δεῖγμαΙί
859 3057 1162 3137 ὀφοβερύτατονΑΙ

148 3131 200 3191 ἐὰν
218 3138 240 3192 Β
260 3133 296 3192 ἀν
314 3140 339 3192 R
413 3142 428 3191 ’ί
448 3131 585 3206 εἰωθότα]
607 3131 654 3190 οἰά
673 3130 699 3190 τ’
722 3132 792 3191 ὄντα
811 3152 833 3192 ο.
852 3134 992 3191 Bficheler
1055 3140 1072 3190 8
1093 3137 1163 3263 βίορή

145 3203 265 3280 πόλεμοι
292 3225 315 3265 ο.
343 3207 486 3276 Kiessling
508 3207 513 3279 Ι
533 3203 622 3262 πολλὰ
651 3206 770 3277 φέρουσι
798 3207 848 3262 καὶ
878 3204 915 3263 τὰ
943 3206 966 3262 Ο
999 3209 1114 3276 praeter

147 3286 180 3334 11
208 3275 387 3350 κατάλημψις
408 3279 455 3334 Βε,
541 3283 574 3332 12
602 3283 788 3335 πεποιεῖσθαι
809 3279 856 3333 Ba.
937 3283 970 3333 13
1000 3274 1164 3348 φανήσεται

146 3367 169 3404 ο.
187 3349 325 3406 Βῡολιείω
340 3353 345 3423 ψ
361 3348 577 3437 παρεσχημένου
597 3349 619 3404 Β
649 3348 846 3421 παρεχομένου
864 3349 890 3402 R
963 3354 998 3404 17
1017 3347 1071 3420 μὲν
1091 3347 1127 3421 δή
1142 3352 1164 3407 Β

145 3419 198 3490 μὲν
217 3412 270 3477 οὖν
288 3423 314 3477 R
389 3429 424 3478 20
443 3422 638 3489 σωιζανταςΑ
714 3428 749 3477 22
768 3428 827 3485 τοῖς
845 3415 943 3489 WB
1020 3427 1055 3476 23
1075 3418 1161 3478 ἔνθυ-

145 3491 342 3562 μουμένοιςΑ
1011 3532 1014 3538 -
