2454 3916
497 229 662 279 ..Γ-

160 386 233 452 VII.
267 389 377 453 Ταύτα
401 384 442 472 δή
467 383 588 472 μαθὼν
612 383 630 454 ὁ
653 385 860 471 Φουφέττιος
883 389 931 452 ἔτι
954 386 1084 472 μάλλον

67 496 209 560 ἔσπευσε
231 491 439 578 ποιήσασθαι
462 490 521 572 τδις
544 492 729 577 διαλύσεις,
753 487 798 571 ὡς
821 489 902 560 οὐδὲ
924 493 1084 579 αἱρέσεως

66 603 117 665 ἔτι
154 601 215 666 τοῦ
251 596 297 685 μή
328 602 431 667 ταῦτα
467 598 625 687 πράττειν
662 603 759 685 σφίσι
794 599 1084 686 καταλειπομένης.

66 703 218 791 ἐγεγόνει
247 704 286 773 δὲ
312 706 368 773 καὶ
394 708 441 798 τῷ
468 712 602 793 βασιλεῖ
626 709 694 774 τῶν
716 703 890 793 Ῥωμαίων
917 703 1001 793 ὑπὲρ
1025 710 1084 793 τής

65 815 283 897 συνωμοσίας
300 811 423 898 ταύτης
442 810 490 899 [ἡ]
508 811 652 899 μήνυσις
669 810 760 900 παρὰ
782 816 851 880 τῶν
875 814 912 880 έκ
932 811 1110 900 Φιδήνηςι

66 923 193 1004 φίλων,
217 915 296 986 ὥστ’
323 916 396 987 οὐδ’
423 917 524 998 αὐτὸς
553 923 601 987 έτι
629 918 852 1006 διαμελλήσας
876 918 1003 1006 δέχεται
1025 917 1084 999 τὰς

66 1027 130 1092 τού
163 1030 374 1110 Φουφεττίου
403 1024 610 1113 προκλήσεις.
663 1026 733 1094 ἐπεὶ
764 1023 802 1093 δέ
830 1029 1006 1112 συνήλθον
1036 1029 1084 1105 είς

65 1129 105 1199 τὸ
129 1129 251 1218 μεταξὺ
272 1136 341 1202 τῶν
365 1134 600 1220 στρατοπέδων
623 1138 749 1222 χωρίον
775 1131 977 1219 ἐπαγόμενοι
1001 1151 1084 1220 συμ·

65 1238 214 1323 βούλους
242 1237 391 1324 ἑκάτεροι
418 1236 497 1318 τοὺς
524 1241 695 1328 φρονήσαι
722 1236 762 1308 τά
790 1240 912 1307 δέοντα
935 1238 1083 1326 ἱκανούς,

65 1341 299 1432 ἀσπασάμενοι
330 1349 464 1433 πρῶτον
497 1343 663 1432 ἀλλήλους
695 1342 740 1424 ὡς
770 1344 937 1433 πρότερον
967 1344 1082 1414 είάθε-
1097 1370 1124 1411 ιο

66 1470 132 1518 σαν
159 1452 216 1519 καὶ
242 1453 556 1540 φιλοφρονηθέντες
583 1450 641 1532 τάς
669 1451 835 1539 ἑταιρικάς
861 1479 897 1520 τε
923 1454 979 1521 καὶ
1003 1472 1088 1539 συγ-,

65 1556 201 1644 γενικὰς
232 1558 488 1645 φιλοφροσύνας
520 1560 712 1645 διελέγοντο
748 1559 826 1646 περὶ
860 1561 929 1629 τάν
967 1557 1083 1627 διαλύ-

66 1682 164 1732 σεωυ.
210 1663 328 1753 ήρχετο
353 1664 385 1732 δ’
412 1663 430 1734 δ
451 1664 611 1752 Ἀλβανὸς
637 1665 800 1754 πρότερος
820 1665 936 1735 τοιάδε
959 1668 1081 1751 λέγων·
1100 1667 1122 1731 2

14 1769 267 1858 421Ἁυαγκαῖον
296 1770 388 1840 εἶναί
416 1799 473 1860 μοι
506 1776 602 1841 δοκεῖ
627 1770 687 1852 τὰς
718 1777 825 1853 αἰτίας
851 1776 985 1860 πρῶτον
1013 1774 1081 1840 έπι-

67 1880 189 1964 δεῖξαι,
218 1876 263 1946 δι’
289 1877 329 1958 άς
356 1876 420 1965 ἐγὼ
446 1883 578 1966 πρῶτος
608 1877 735 1966 ήξίωσα
766 1880 841 1968 περὶ
868 1878 1080 1959 καταλύσεως
1094 1905 1120 1946 15

66 1989 127 2065 τού
154 1987 303 2073 πολέμου
331 1987 562 2073 διαλέγεσθαι,
591 1984 668 2055 ούτε
696 1986 783 2075 μάχη
811 1988 991 2074 κρατηθεὶς
1016 1983 1078 2073 ὑφ’

65 2089 163 2179 ὑμῶν
193 2091 263 2160 οὔτ’
290 2092 517 2182 ἐπισιτισμοὺς
544 2092 740 2180 εἰσάγεσθαι
761 2093 977 2180 κωλυόμενος
1005 2091 1082 2162 οὑτε

66 2204 114 2279 είς
141 2197 249 2286 άλλην
280 2201 595 2287 κατακεκλεισμένος
627 2198 779 2287 άνάγκην
813 2197 990 2287 οὐδεμίαν,
1023 2203 1081 2268 ἵνα
1142 2195 1146 2205 ’

65 2306 112 2393 μή
141 2332 181 2393 με
212 2303 402 2392 ὑπολάβητε
432 2310 492 2393 τῆς
521 2306 583 2394 μέν
617 2310 740 2386 οίκείας
772 2305 948 2393 δυνάμεως
979 2305 1081 2375 άσθέ·

65 2438 163 2482 νειαυ
185 2411 431 2499 κατεγνωκότα,
454 2410 516 2500 τήν
545 2412 583 2481 δὲ
604 2411 768 2500 ὑμετέραν
795 2410 894 2498 ίσχὺν
919 2416 1080 2480 δυσκατα-
1094 2437 1122 2477 νο

65 2518 235 2605 γάνιστον
259 2515 346 2587 εἶναι
373 2524 552 2606 νομίζοντα
579 2516 724 2606 εύπρεπή
753 2525 861 2606 ζητεῖν
884 2516 1080 2606 ἀπαλλαγήν

65 2629 127 2694 τοῦ
150 2627 308 2712 πολέμου.
353 2622 518 2713 ἀφόρητοι
545 2624 609 2713 γὰρ
634 2623 677 2694 άν
704 2628 864 2714 γένοισθε
887 2623 953 2695 ὑπὸ
976 2625 1081 2714 βαρύ-

65 2758 175 2820 τητος,
198 2740 232 2800 εί
245 2758 277 2800 τι
295 2736 486 2818 πεισθείητε
504 2734 580 2821 περὶ
598 2731 694 2820 ήμῶν
712 2737 879 2821 τοιοῦτον,
897 2733 953 2800 καὶ
973 2731 1080 2803 οὐθὲν

65 2835 109 2907 άν
137 2841 207 2907 τῶν
234 2843 378 2925 μετρίων
406 2835 620 2925 ὑπομείναιτε
646 2853 771 2927 ποιεῖν,
804 2837 849 2919 ὡς
879 2844 1082 2932 κρατοῦντες

137 3029 223 3088 3ἒπλ
240 3033 290 3089 τού
311 3033 334 3089 Ο
354 3035 358 3102 Ι
380 3028 471 3089 ταύτὰ
499 3050 522 3090 ο,
545 3035 683 3091 Bficheler
759 3030 813 3106 δή
838 3036 892 3092 del.
912 3035 1078 3110 Kiesslingl

65 3140 191 3210 φιδηνής
207 3140 233 3194 Α
252 3117 415 3210 ήὺδήνηςΒ
471 3137 719 3211 θδιαμελήσαςΒ
788 3149 822 3199 10
841 3137 880 3206 ὥς
897 3143 969 3212 φ.Α
988 3139 1080 3213 (καὶ)

65 3212 139 3279 φ.Β
222 3218 255 3267 13
279 3208 417 3282 πρότερον
441 3210 464 3265 0
488 3229 558 3270 corr.
582 3213 724 3284 Kiessling
805 3219 839 3270 14
864 3210 1005 3278 ἐπιδεῖξαι
1028 3209 1080 3276 τὰς

65 3280 159 3344 αίτιάς
177 3284 289 3352 πρῶτον
309 3282 332 3337 Ο
356 3284 508 3352 praeterB
582 3289 615 3340 15
638 3281 773 3355 πρότερος
796 3302 819 3342 ο.
838 3283 963 3340 Reudler
986 3283 1079 3338 Tiroc.

39 3374 41 3378 ⁸
65 3371 93 3422 p.
112 3359 147 3409 28
221 3360 254 3409 17
279 3350 345 3409 ούτε
370 3351 411 3416 είς
433 3349 519 3423 άλλην
542 3354 813 3427 κατακεκλεισμένος
834 3371 888 3411 om.
907 3354 998 3438 ABaz
1014 3353 1079 3408 add.

65 3424 146 3495 Bmg
218 3431 253 3481 22
272 3421 329 3480 ὑπὸ
350 3421 506 3499 βαρύτητος
528 3424 583 3482 del.
602 3427 724 3495 Reudler
741 3427 793 3482 1.1.
867 3433 901 3481 23
920 3423 1075 3495 τοιουτοθή

66 3490 152 3550 οὐδὲν
170 3495 194 3548 Β
266 3502 302 3552 24
318 3492 530 3568 ὑπομείν<η>τε
549 3500 572 3553 Β
