2454 3916
151 205 217 270 362
574 237 607 245 -
649 209 672 259 Γ
706 236 745 255 -.

151 364 265 445 αὐτοῖς
288 364 452 453 ὀνόματα,
479 369 525 458 τῷ
553 366 615 453 μὲν
628 361 812 451 Ἄρροντα,
835 367 880 456 τῷ
910 363 948 432 δέ
976 363 1169 451 Λοκόμωνα

150 474 206 540 καὶ
229 472 411 552 παιδεύσας
433 469 645 561 ἀμφοτέρους
662 468 861 558 Ἑλληνικήν
888 495 924 539 τε
952 471 1009 538 καλ
1036 478 1169 558 Τυρρη-

151 577 250 665 νικὴν
272 582 445 665 παιδείαν,
469 583 516 658 είς
538 574 666 665 ἀνδρας
689 579 852 645 ἐλθοῦσιν
869 575 985 657 αὐτοῖς
1002 591 1169 663 γυναῖκας

152 687 278 754 ἐκτῶν
300 685 572 774 ἐπιφανεστάτων
599 693 702 753 οίκων
725 683 897 771 λαμβάνει.

125 818 138 860 ⁶
241 794 438 860 XXXXVII.
458 793 526 859 Καὶ
540 788 610 879 μετ’
628 789 669 859 οὐ
682 789 791 859 πολὺν
804 790 931 878 χρόνον
951 789 969 858 ὁ
986 789 1050 878 μέν
1068 811 1169 877 πρεσ-

150 897 290 985 βότερος
319 897 423 968 αὐτοῦ
451 903 520 968 τῶν
547 902 679 966 παίδων
712 897 810 983 γένος
842 894 945 965 οὐδέν
972 898 1168 968 καταλιπὼν

152 1005 298 1093 ἐμφανὲς
324 1003 544 1090 ἀποθνήσκει.
591 1004 649 1070 καὶ
676 1001 745 1091 μετ’
772 1001 886 1090 ὀλίγας
915 1001 1041 1093 ἡμέρας
1065 1003 1170 1086 αὐτὸς

153 1111 171 1180 ό
196 1111 398 1199 Δημάρατος
421 1109 487 1179 ὑπὸ
510 1109 618 1195 λάπης
638 1113 776 1200 τελευτᾷ
796 1110 1011 1197 κληρονόμον
1034 1107 1169 1198 ἀπάσης

151 1223 210 1306 της
242 1216 359 1298 οὐσίας
389 1216 450 1286 τὸν
482 1215 760 1304 περιλειπόμενον
793 1219 861 1284 τῶν
892 1220 1026 1286 παίδων
1060 1218 1169 1288 Λοκό-

113 1351 139 1390 ιο
153 1351 249 1412 μωνα
271 1325 475 1405 καταλιπών·
511 1320 548 1403 ὃς
570 1321 774 1411 παραλαβὼν
797 1321 857 1391 τὸν
879 1321 1042 1409 πατρικὸν
1064 1329 1168 1394 πλοῦ-

151 1459 211 1501 τον
234 1431 339 1519 μέγαν
367 1429 449 1500 ὄντα
475 1431 717 1500 πολιτεύεσθαί
741 1458 777 1500 τε
801 1431 857 1499 καὶ
878 1427 919 1499 τά
941 1428 1041 1498 κοινά
1063 1431 1167 1518 πράτ-

151 1565 222 1607 τειν
244 1539 300 1606 καὶ
323 1540 361 1606 έν
383 1550 453 1618 τοϊς
475 1537 619 1626 πράτοις
644 1540 715 1606 τάν
737 1535 850 1606 ἀστῶν
873 1535 961 1606 εἶναι
983 1536 1166 1627 προῄρητο.

112 1643 425 1731 2άπελαυνόμενος
457 1644 495 1712 δὲ
526 1644 740 1732 πανταχόθεν
776 1641 842 1712 ὑπὸ
869 1647 938 1713 τῶν
970 1647 1216 1732 έπιχωρίωνολθ

151 1751 207 1819 καὶ
236 1749 296 1837 οὐχ
329 1748 419 1830 ὅπως
451 1751 488 1818 έν
520 1764 591 1830 τοῖς
621 1749 765 1836 πρώτοις
792 1748 1061 1840 ἀριθμούμενος,
1091 1748 1165 1819 ἀλλ’

113 1882 139 1924 ιο
153 1855 229 1925 οὐδ’
250 1859 301 1924 ’έν
337 1871 407 1937 τοῖς
444 1858 573 1944 μέσοις,
609 1853 756 1944 ἀνιαρῶς
792 1862 890 1946 ἔφερε
920 1855 982 1944 τὴν
1020 1855 1167 1944 ἀτιμίαν.

152 1961 288 2031 ἀκούων
317 1961 354 2031 δέ
381 1963 458 2049 περί
488 1966 547 2050 τῆς
573 1960 747 2050 Ῥωμαίων
778 1961 923 2047 πόλεως,
956 1961 1009 2031 ὅτι
1039 1963 1168 2045 πάντας

152 2067 305 2156 ἀσμένως
323 2066 553 2157 ὑποδεχομένη
576 2067 655 2148 τοὺς
674 2071 790 2151 ξένους
808 2067 930 2149 ἀστοὺς
947 2082 1093 2138 ποιεῖται
1111 2071 1168 2139 καὶ

151 2178 230 2266 τιμᾷ
251 2173 335 2243 κατὰ
356 2173 419 2264 τὴν
442 2172 539 2257 ἀξίαν
559 2177 711 2262 ἕκαστον,
735 2178 805 2244 έκελ
820 2181 1086 2262 μετενέγκασθαι
1104 2175 1167 2265 τὴν

154 2290 286 2368 οἴκησιν
315 2287 401 2369 ἔγνω
429 2283 469 2351 τά
495 2309 531 2351 τε
557 2281 708 2370 χρήματα
736 2281 845 2350 πάντα
874 2281 1168 2371 συσκευασάμενος

113 2415 139 2455 νο
152 2390 209 2457 καὶ
235 2388 297 2476 τὴν
324 2402 467 2476 γυναῖκα
494 2389 699 2476 ἐπαγόμενος
731 2389 787 2458 καὶ
816 2393 884 2457 τόν
913 2386 1027 2458 ἀλλων
1055 2396 1169 2477 φίλων

151 2497 207 2564 καὶ
237 2500 371 2564 οἰκείων
397 2495 477 2576 τοὺς
503 2496 746 2583 βουλομένους·
779 2497 935 2582 ἐγένοντο
965 2495 1003 2564 δέ
1031 2500 1068 2564 οἱ
1089 2517 1168 2565 συν-

114 2607 308 2688 3απαίρειν
336 2598 426 2695 αὐτῷ
458 2604 738 2691 προθυμηθέντες
769 2607 898 2688 συχνοί.
948 2598 994 2682 ὦς
1022 2603 1060 2670 δὲ
1083 2601 1167 2672 κατὰ

152 2708 190 2778 τὸ
218 2710 430 2796 καλούμενον
454 2707 640 2779 Ἰανίκολον
668 2701 771 2796 ἦσαν,
804 2707 889 2777 ὅθεν
915 2706 936 2795 ἡ
960 2705 1069 2796 Ῥάμη
1097 2723 1168 2790 τοῖς

153 2816 218 2887 ἀπὸ
251 2821 440 2905 Τυρρηνίας
467 2818 660 2905 ἐρχομένοις
690 2818 825 2903 πρῶτον
853 2812 1037 2902 ἀφορᾶται,
1068 2843 1168 2886 κατα-

114 2947 140 2988 ιο
155 2924 237 3006 πτάς
263 2922 360 3004 ἀετὸς
387 2922 485 3010 ἀφνω
513 2923 569 2991 καλ
595 2921 656 2992 τὸν
682 2929 783 2999 πῖλον
810 2919 917 2990 αὐτοῦ
943 2920 1003 2990 τὸν
1031 2922 1086 2990 ἐπὶ
1108 2927 1168 3010 τῆς

153 3035 300 3119 κεφαλῆς
325 3035 481 3117 κείμενον
508 3027 675 3118 ἀρπάσας,
702 3027 826 3116 ἀνέπτη
853 3028 956 3097 πάλιν
987 3026 1058 3100 ἀνω
1082 3028 1167 3098 κατά

226 3186 414 3278 1ἀρρόνταΑ
432 3185 608 3259 άρροονταΒ
663 3183 912 3274 9περιλιπόμενον
926 3189 952 3243 Α
1004 3193 1038 3243 18
1054 3185 1165 3278 έμεισελ

153 3270 187 3320 22
208 3259 260 3318 οὖν
275 3256 352 3333 αότῷ
366 3256 500 3349 ἀπαίρειγ
516 3261 538 3316 Ο
553 3261 697 3348 praeterB
714 3262 717 3326 Ι
734 3255 807 3315 κατὰ
821 3261 844 3314 Β
858 3277 912 3314 om.
922 3261 948 3314 A
1002 3255 1075 3315 26'
1056 3259 1166 3330 ανέπτη

153 3330 239 3390 πάλιν
258 3317 394 3419 ἀνρΒ”
373 3352 434 3387 ανω
453 3327 576 3386 πάλιν’
558 3352 586 3386 α
600 3332 626 3386 R
643 3331 763 3386 fortasse
781 3331 830 3385 καλ
849 3347 913 3386 cum
932 3330 1107 3419 Schnelliop
1110 3337 1164 3386 ,29

154 3409 219 3461 ante
238 3400 312 3459 κατά
330 3403 489 3461 addendum
509 3404 538 3458 et
555 3406 631 3458 totus
648 3403 726 3456 loeus
750 3402 790 3457 sio
808 3402 972 3457 scribendus
992 3403 1047 3456 est.
1073 3349 1165 3488 ἀρπά-

154 3495 205 3539 σας
223 3476 272 3531 nal
290 3472 363 3532 κατὰ
382 3471 483 3545 τὴν-
497 3471 655 3546 φερόμενος
679 3468 822 3541 ἐπιτίθησι
843 3474 882 3547 τῷ
906 3471 1105 3543 Λοκόμωνι-
1119 3467 1166 3544 ἦρ·
