2438 3908
230 186 295 253 164
653 188 815 241 -B-

227 344 306 427 τοὺς
329 343 602 435 ἀνδρειοτάτους·
630 345 740 415 ἐκάλει
760 347 798 415 δὲ
816 345 875 427 τάς
894 347 955 434 μὲν
974 353 1106 435 μείζους

226 457 378 541 τρίβους,
406 452 464 533 τάς
492 452 522 522 δ’
549 452 708 534 ἐλάττους
734 460 888 542 κουρίας,
919 451 966 534 ὡς
991 455 1048 523 καὶ
1074 480 1116 523 κα

187 565 207 630 3
227 557 388 650 ἡμέτερον
407 567 485 648 βίον
505 565 552 629 ἔτι
569 561 888 649 προσαγορεύονται.
925 569 976 649 είη
993 558 1024 629 δ’
1041 556 1086 629 άν
1103 558 1116 630 ‘.

226 666 355 756 γλάττη
393 665 432 738 τὰ
470 667 621 756 ὀνόματα
658 672 762 736 ταῦτα
794 667 1114 756 μεθερμηνευόμενα

186 795 199 837 ε
227 774 289 862 μὲν
316 775 373 842 καὶ
400 772 532 864 τριττὺς
558 771 578 862 ἡ
606 779 757 861 τρίβους,
786 777 918 863 φράτρα
946 774 984 843 δὲ
1011 775 1067 842 καὶ
1097 783 1117 843 λ

225 887 357 970 κουρία,
380 883 436 950 καὶ
459 884 528 950 τῶν
550 878 688 969 ἀνδρῶν
713 883 748 948 οί
769 881 830 968 μὲν
849 879 908 961 τάς
929 885 998 950 τῶν
1016 887 1116 970 τρίβα

227 992 347 1075 μονίας
380 993 512 1074 ἔχοντες
549 987 720 1076 φύλαρχοί
752 1015 787 1056 τε
823 989 879 1056 καὶ
915 988 1114 1077 τριττάαρχο

225 1099 367 1163 καλοῦσι
395 1092 552 1182 Ῥωμαῖοι
582 1094 799 1183 τριβούνους·
837 1098 873 1163 οί
903 1095 941 1163 δὲ
972 1109 1045 1174 ταῖς
1081 1122 1116 1164 κο

227 1199 444 1288 ἐφεστηκότες
466 1206 520 1268 καί
542 1206 764 1289 φρατρίαρχοι
788 1202 844 1269 καὶ
862 1207 1011 1288 λοχαγοί,
1037 1197 1097 1282 οὓς

186 1279 416 1406 βοκονρίοονας
439 1305 653 1395 ὀνομάζουσι.
700 1307 861 1396 διῄρηντο
886 1307 924 1375 δὲ
948 1309 1005 1376 καὶ
1028 1313 1077 1388 είς
1100 1312 1116 1376 δ

228 1418 266 1482 αί
285 1418 433 1503 φρᾶτραι
456 1412 540 1502 πρὸς
563 1411 679 1499 αὐτοῦ,
702 1415 757 1482 καὶ
781 1411 916 1502 ἡγεμὼν
941 1414 1084 1503 ἑκάστην
1108 1443 1116 1484 ε

228 1519 362 1608 δεκάδα,
382 1525 569 1608 δεκουρίων
587 1518 670 1588 κατά
688 1518 750 1607 τὴν
769 1519 948 1608 ἐπιχώριον
964 1525 1116 1607 γλῶτταν

226 1624 482 1715 αγορευόμενος.
525 1623 569 1706 ὦς
591 1627 628 1695 δὲ
652 1629 873 1715 διεκρίθησαν
897 1624 1040 1708 ἅπαντες
1062 1629 1117 1696 καὶ

225 1731 402 1819 τάχθησαν
426 1737 473 1812 είς
496 1730 605 1819 φυλάς
627 1733 682 1800 καὶ
703 1732 863 1820 φράτρας,
888 1731 1010 1801 διελοδν
1028 1732 1116 1821 τὴνγ

187 1871 212 1914 ιε
226 1837 406 1928 τριάκοντα
428 1839 573 1927 κλήρους
597 1848 691 1918 ίσους
715 1839 835 1927 ἑκάστη
855 1837 989 1929 φράτρα
1011 1844 1116 1929 κλῆρο

228 1948 336 2013 διοκεν
361 1947 429 2033 ἕνα,
453 1943 572 2026 ἐξελὼν
596 1943 658 2032 τὴν
682 1943 854 2033 άρκοῦσαν
875 1949 923 2024 είς
946 1943 1019 2033 ίερδι
1042 1948 1098 2014 καὶ

226 2058 285 2122 καί
304 2052 458 2122 τινακαὶ
481 2055 526 2142 τῷ
546 2056 649 2142 κοινῷ
671 2056 736 2139 γῆν
754 2051 955 2121 καταλιπόν.
997 2058 1057 2140 μία
1075 2053 1115 2140 μὲ

228 2164 391 2248 διαίρεσις
408 2156 474 2228 ὑπὸ
489 2156 663 2246 Ῥοομάλον
681 2162 750 2227 τῶν
769 2186 803 2228 τε
822 2157 960 2247 ἀνδρῶν
979 2161 1036 2228 καὶ
1054 2164 1113 2246 τῆς

226 2265 290 2358 <ίη>
322 2269 522 2356 περιέχουσα
553 2263 615 2353 τὴν
647 2263 767 2352 κοινὴν
803 2266 858 2333 καὶ
896 2271 1055 2352 μεγίστην
1092 2272 1116 2335 ίι

184 2409 211 2450 εο
224 2376 338 2446 τοιάδε
361 2403 411 2456 τις
433 2367 485 2462 ἦν.

262 2509 283 2553 ->
315 2503 404 2571 VIII.
437 2498 553 2589 Ἑτέρα
577 2499 614 2567 δέ
638 2496 749 2566 αὐτῶν
776 2496 878 2565 πάλιν
902 2502 969 2565 τόν
993 2495 1116 2587 άνδρεό·

228 2607 456 2694 φιλάνθρωπα
491 2607 547 2674 καὶ
582 2604 641 2686 τάς
681 2601 778 2692 τιμάς
815 2605 1022 2691 διανέμουσα
1058 2631 1116 2675 κατ

226 2710 334 2796 ἀξίαν,
357 2707 401 2799 ἣν
425 2714 534 2800 μέλλω
556 2717 757 2799 διηγεῖσθαι.
794 2708 872 2789 τοὺς
890 2712 1064 2796 ἐπιφανεῖς
1082 2739 1116 2779 κι

227 2843 287 2896 νος
313 2817 369 2884 καὶ
398 2817 443 2885 δι’
470 2815 592 2906 άρετὴν
622 2817 886 2905 ἐπαινουμένους
917 2818 973 2884 καὶ
1000 2816 1116 2905 χρήμα.

186 2954 212 2996 νε
227 2926 264 2991 ἐν
287 2936 358 3001 τοῖς
380 2922 454 2991 τότε
476 2937 606 3012 καιροῖς
629 2923 808 3013 εὐπόρους,
840 2918 890 3003 οἷς
912 2922 978 3011 ἤδη
1001 2927 1116 3005 παῖδες

297 3177 313 3228 ό
333 3174 446 3298 τρίβους
464 3173 486 3226 Β
505 3173 598 3263 τρίβος
616 3174 641 3227 Β,
656 3176 661 3243 Ι
677 3175 789 3244 φράτρα
808 3175 853 3228 Ba
925 3177 941 3226 8
961 3171 1009 3226 καὶ
1028 3174 1116 3228 καλοῦ

227 3245 372 3318 τριβουλνί
370 3264 420 3306 ους
438 3246 463 3297 Α
484 3245 489 3312 Ι
508 3250 571 3305 ταῖς
589 3247 716 3312 κουρίαις
734 3246 760 3299 R
786 3265 849 3306 ταις
868 3265 944 3313 φρατ
962 3264 1006 3305 αις
1026 3243 1048 3296 Β

227 3317 371 3389 ρίωναςΒ
398 3316 549 3402 τουρίονας
566 3316 592 3369 R
665 3322 696 3370 11
717 3309 786 3384 πρὸς
810 3252 959 3377 amove&
1030 3321 1062 3368 12
1083 3317 1116 3371 δε

227 3407 281 3446 om.
301 3389 354 3444 AB
409 3393 441 3442 13
461 3381 696 3476 διετάχθησανΒ
752 3383 818 3440 19
804 3408 821 3454 η
842 3387 905 3441 add.
925 3386 1083 3440 Ambrosch

223 3481 277 3526 ους
294 3462 318 3515 Β
390 3465 425 3516 25
444 3453 578 3528 εόττόροις
595 3458 641 3513 Ba
656 3460 661 3527 Ι
676 3455 731 3526 ἥδη
750 3460 852 3518 παῖδες
870 3449 948 3519 οἷς
931 3475 1003 3524 ηοαν
1023 3458 1046 3510 Β
