2454 3916
497 204 661 256 -Β’..

10 364 142 428 νσῖτῶυ
171 358 217 448 μὴ
244 364 459 448 πειθομένων
485 367 530 454 τῶ
561 363 655 455 νόμφ
687 370 802 452 ζημίας
831 363 953 454 ῶρισεν
981 365 1083 446 άλλας

66 493 101 536 τε
125 468 261 555 καὶτῆς
280 467 396 549 οὐσίας
415 467 528 538 αὐτῶν
546 468 608 557 τὴν
625 468 781 558 ἡμίσειαν
800 471 888 540 εἶναι
907 476 1083 561 δημοσίαν.

68 579 181 643 ἔπειτα
203 573 410 663 καταμαθῶν
433 572 559 655 πολλάς
581 580 649 645 τῶν
672 576 754 645 κατά
777 575 838 665 τὴν
859 576 1003 647 Ἰταλίαν
1023 578 1082 648 πό-
1101 582 1122 647 3

66 689 154 751 λεων
186 686 344 771 πονηρῶς
377 685 691 771 ἐπιτροπευομένας
710 683 775 752 ὑπὸ
805 689 1020 773 τυραννίδων
1049 711 1083 753 τε

65 789 122 856 καί
161 787 380 878 ὀλιγαρχιῶν,
416 789 495 871 τούς
532 792 567 859 ἐκ
598 791 728 861 τούτων
761 795 978 873 ἐκπίπτοντας
1013 796 1081 861 τῶν
1108 820 1122 861 5

65 894 199 964 πόλεων
224 897 372 984 συχνούς
395 896 507 984 ὄντας,
530 902 561 966 εί
583 897 692 985 μόνον
715 895 784 967 εἷεν
805 899 991 988 ἐλεύθεροι,
1011 903 1082 967 δια-

65 1008 197 1090 κρίνων
230 1001 307 1072 οὐτε
344 1003 521 1092 συμφοράς
557 1003 634 1074 οὐτε
674 1004 776 1092 τύχας
812 1003 924 1075 αὐτῶν
961 991 1082 1075 ὐποδέῘ

65 1120 188 1198 χεσθαι
219 1111 277 1178 καὶ
314 1109 469 1198 μετάγειν
508 1109 553 1191 ῶς
590 1110 711 1181 ἑαυτὸν
744 1114 917 1200 ἐπεχείρει,
953 1112 1016 1200 τήν
1048 1139 1083 1182 τε

60 1215 236 1305 Ῥωμαίων
269 1217 417 1304 δύναμιν
431 1215 592 1305 αὐξῆσαι
623 1221 808 1307 βουληθεὶς
838 1221 894 1287 καὶ
925 1217 984 1299 τάς
1013 1224 1082 1288 τῶν

65 1327 249 1413 περιοίκων
290 1326 483 1393 ἐλαττῶσαι·
534 1327 639 1394 ἐποίει
686 1325 724 1394 δὲ
763 1329 868 1394 ταύτα
907 1325 1080 1414 πρόφασιν
1095 1353 1122 1393 ιο

65 1429 212 1520 ἐξευρῶν
240 1428 386 1518 εὐπρεπῆ
414 1433 471 1500 καλ
499 1436 546 1512 είς
573 1436 659 1501 θεοῦ
685 1431 786 1519 τιμὴν
814 1429 852 1501 τό
877 1437 977 1519 ἔργον
1000 1430 1081 1501 άνα-

64 1540 191 1625 φέρων.
226 1535 264 1606 τὸ
283 1537 348 1626 γὰρ
368 1537 490 1624 μεταξὺ
509 1544 635 1628 χωρίον
652 1542 713 1607 τού
731 1565 767 1606 τε
786 1544 1002 1607 Καπιτωλίου
1024 1539 1080 1606 καὶ
1098 1549 1121 1612 4

62 1648 126 1732 τῆς
153 1644 272 1734 άκρας,
301 1641 320 1713 δ
343 1652 491 1714 καλεῖται
518 1649 585 1714 νύν
611 1643 695 1714 κατὰ
726 1642 789 1732 τὴν
807 1642 979 1733 Ῥωμαίων
1009 1645 1081 1712 διό-

62 1760 184 1821 λεκτον
220 1751 387 1841 μεθόριον
426 1755 521 1820 δυεῖν
561 1756 700 1840 δρυμῶν
736 1753 793 1820 καὶ
827 1743 872 1838 ἦν
909 1749 984 1820 τότε
1019 1755 1081 1819 τοῦ

64 1857 316 1946 συμβεβηκότος
343 1856 536 1946 ἐπῶνυμον,
563 1856 660 1938 ὕλαις
687 1857 895 1947 ἀμφιλαφέσι
921 1857 993 1927 κατ’
1019 1857 1079 1946 άμ-
1094 1883 1120 1926 ιε

64 1967 210 2053 φοτίρας
237 1965 295 2044 τάς
323 1965 560 2044 συναπτούσας
590 1979 662 2045 τοῖς
692 1966 812 2053 λόφοις
838 1965 984 2052 λαγόνας
1013 1967 1081 2034 ἐπί-

64 2091 175 2158 σκιον,
198 2069 291 2161 ἱερὸν
315 2070 407 2152 άνελς
426 2071 555 2140 άσυλου
579 2074 701 2153 ίκέταις
721 2074 778 2140 καὶ
796 2070 882 2141 ναὸν
901 2073 955 2141 ἐπὶ
972 2072 1079 2163 τούτῳ

62 2178 397 2266 κατασκευασάμενος
416 2177 496 2271 (ότφ
522 2179 560 2247 δὲ
578 2177 644 2263 άρα
661 2182 754 2247 θεῶν
778 2175 799 2266 ἢ
824 2178 998 2267 δαιμόνων
1018 2177 1080 2247 ούκ

63 2292 129 2374 ἔχω
158 2284 196 2355 τὸ
224 2286 329 2375 σαφὲς
357 2291 478 2372 εἰπεῖν)
505 2301 576 2366 τοῖς
602 2285 873 2373 καταφεύγουσιν
903 2290 951 2365 είς
979 2288 1080 2353 τούτο

10 2390 108 2463 ισθτὸ
137 2391 247 2481 ἱερὸν·
264 2395 386 2473 ίκέταις
416 2397 479 2462 τοῦ
513 2418 549 2462 τε
581 2391 688 2481 μηδὲν
721 2388 825 2460 κακὸν
858 2387 913 2458 ὐπ’
945 2392 1078 2478 ἐχθρῶν
1093 2415 1121 2456 νο

61 2509 190 2569 παθεῖν
213 2497 376 2587 ἐγγυητὴς
403 2502 531 2586 ἐγίνετο
559 2503 618 2586 τῆς
646 2503 694 2578 είς
720 2496 759 2566 τὸ
787 2506 886 2565 θείου
910 2494 1080 2582 εὐσεβείας

61 2605 233 2695 προφάσει
260 2608 316 2675 καὶ
346 2611 377 2674 εί
403 2605 585 2693 βούλοιντο
612 2603 690 2693 παρ’
717 2602 806 2697 αὐτῷ
839 2604 954 2691 μένειν
985 2611 1078 2672 πολι-

61 2719 154 2792 τείας
181 2716 359 2800 μετεδίδου
386 2715 442 2782 καὶ
469 2717 531 2800 γῆς
557 2726 697 2802 μοῖραν,
724 2707 768 2798 ἣν
800 2709 956 2798 κτήσαιτο
983 2719 1079 2779 πολε·

61 2826 163 2908 μίους
184 2818 403 2907 ἀφελόμενος.
445 2822 481 2888 οί
502 2818 540 2887 δέ
563 2821 747 2907 συνέρρεον
772 2820 807 2886 ἐκ
824 2814 950 2898 παντὸς
971 2816 1078 2886 τόπου

60 2924 104 2996 τά
128 2931 234 2995 οίκεία
257 2924 439 3012 φεύγοντες
462 2922 547 2993 κακά
573 2926 630 2992 καὶ
659 2921 768 2993 οὐκέτι
797 2924 935 3013 ἑτέρωσε
958 2922 1077 2992 άπανί
1090 2946 1117 2989 ει

61 3054 185 3103 σταντο
218 3047 291 3112 ταῖς
321 3030 401 3100 καθ’
431 3029 561 3121 ἡμέραν
595 3029 740 3118 ὁμιλίαις
771 3033 827 3099 καὶ
854 3030 989 3119 χάρισιν
1017 3029 1075 3100 ὐπ’

60 3138 168 3210 αὐτού
191 3139 416 3226 κατεχόμενοι.

136 3288 170 3338 16
189 3277 448 3351 ουναγαγούοαςΑ
473 3281 649 3351 (Ambrosch)
732 3286 766 3335 20
789 3275 879 3334 κακὸν
897 3282 1005 3334 παθεῖν
1024 3272 1076 3332 ὐπ’

62 3349 218 3424 ἐχθρῶνΒ
299 3359 332 3406 21
354 3346 467 3420 ἐγένετο
487 3352 594 3407 Grimm
675 3357 709 3406 23
733 3351 832 3422 μοίρας
853 3350 939 3419 vulgo
962 3349 1076 3418 legitur,
1106 3385 1108 3389 -

60 3431 165 3496 μοῖραν
190 3423 277 3480 εδὶῶο
299 3422 401 3478 Kiessl.
425 3424 485 3478 sola
506 3425 632 3492 praebet,
659 3423 713 3477 del.
736 3421 859 3477 Reudler
882 3421 971 3474 Time.
995 3437 1022 3488 p.
1042 3424 1075 3472 22

60 3502 99 3551 24
117 3490 154 3566 ἣν
173 3496 308 3564 κτήσαιτο
326 3496 477 3565 πολεμίους
494 3494 547 3548 ΑΒ
