2454 3916
106 232 173 299 276
530 262 564 272 -
603 235 697 286 Γ-

107 391 171 480 γδν
193 393 249 461 καλ
271 387 337 460 άπὸ
360 391 486 472 παντὸς
512 394 574 460 τού
596 395 773 479 βελτίστου
798 395 955 475 κρίνουσι
977 389 1015 459 τὸ
1040 410 1124 477 συμ-

77 500 79 505 ’
107 498 250 589 βεβηκὸς
277 498 353 569 οὔτε
381 497 401 587 ἡ
431 505 511 568 θεία
538 501 673 588 νέμεσις
705 497 782 567 ούτε
810 496 828 566 ὁ
858 508 925 567 τῶν
953 496 1126 565 άντιπολι-

107 610 300 696 σευομένων
328 605 463 694 φθόνος
491 603 570 674 οὔθ’
597 603 617 692 ἡ
647 609 715 675 τῶν
742 604 947 693 πραγμάτων
970 602 1125 691 άπόγνω-

109 735 162 795 σις
183 712 388 804 ἀνῃρηκέναι
409 710 470 781 τὸν
493 709 605 798 άνδρα
627 710 748 798 ἐδόκει,
771 709 844 779 ἀλλ’
865 709 887 799 ἡ
909 715 969 798 της
990 710 1126 797 φύσεως

67 845 83 887 ε
109 819 239 907 ιἰνάγκη
267 821 323 889 καλ
351 817 388 888 τὸ
416 815 525 907 χρεὼν
555 816 601 898 ὡς
632 816 907 908 ἐκπεπληρωκότα
937 816 999 904 τὴν
1032 816 1125 904 ὀφει-

109 927 257 1014 λομένην
285 939 425 1014 μοῖραν,
453 916 493 1012 ἦς
515 921 620 992 άπασι
646 938 718 1004 τοῖς
739 926 933 1011 γινομένοις
955 927 1127 1012 τέτρωται

70 1034 233 1120 διαχεῖν.
279 1036 439 1111 Κλοίλιος
462 1030 524 1119 μὲν
549 1028 592 1118 δὴ
614 1032 695 1119 πρὶν
722 1027 744 1118 ἢ
767 1043 928 1118 γενναῖον
950 1029 1127 1114 ἀποδείξα-

44 1150 47 1155 ’
110 1144 197 1209 σθαί
216 1166 248 1208 τι
270 1137 427 1225 τοιαύτης
447 1141 602 1226 τελευτῆς
625 1142 757 1225 ἔτυχεν,
780 1141 829 1218 είς
852 1138 889 1206 δέ
910 1136 970 1207 τὸν
994 1141 1128 1207 ἐκείνου

109 1244 215 1315 τόπον
243 1243 481 1314 ἀποδείκνυται
510 1243 694 1332 στρατηγὸς
721 1242 937 1335 αὐτοκράτωρ
964 1243 1029 1313 ὑπὸ
1058 1248 1127 1314 τῶν

71 1376 98 1419 ιο
111 1354 164 1422 ἐπὶ
206 1355 434 1441 στρατοπέδου
475 1352 621 1431 Μέττιος
660 1354 885 1438 Φουφέττιος,
921 1350 1008 1440 άνὴρ
1051 1351 1128 1420 ούτε

110 1461 259 1547 πολέμου
281 1456 414 1548 ἡγεμὼν
439 1456 555 1538 ίκανὸς
583 1456 660 1527 ούτε
690 1457 827 1545 εἰρήνης
848 1461 985 1547 βέβαιος
1006 1458 1128 1547 φύλαξ,

112 1562 149 1646 ὃς
172 1563 314 1645 ούδενὸς
335 1556 437 1652 ἦττον
456 1563 631 1652 Ἀλβανῶν
654 1563 833 1652 πρόθυμος
856 1561 904 1634 ὢν
927 1563 999 1634 κατ’
1026 1563 1129 1653 άρχάς

112 1676 290 1760 διαστῆσαι
317 1669 376 1751 τάς
401 1671 515 1751 πόλεις
541 1671 597 1740 καὶ
626 1668 683 1738 διά
710 1675 810 1740 τοῦτο
838 1675 898 1758 τῆς
920 1670 1024 1760 άρχης
1047 1669 1129 1758 μετὰ

110 1777 171 1846 τὸν
199 1782 366 1847 Κλοιλίου
392 1776 545 1846 θάνατον
573 1774 747 1862 άξιωθείς,
775 1776 889 1865 ἐπειδὴ
919 1782 978 1866 τῆς
1004 1777 1174 1866 ἡγεμο-417

73 1908 98 1948 ιι
112 1888 188 1963 νίας
211 1889 305 1971 ἔτυχε
328 1884 384 1951 καὶ
407 1882 471 1952 ὅσοι
493 1876 537 1970 ἦν
561 1885 598 1952 ἐν
621 1897 692 1964 τοῖς
709 1883 881 1972 πράγμασι
904 1888 1049 1974 δυσχερῆ
1073 1887 1131 1954 καὶ

112 1989 222 2077 άπορα
255 1992 427 2076 συνεῖδεν,
466 1987 578 2069 ούκέτι
614 1991 782 2077 διέμεινεν
820 1991 873 2058 ἐπὶ
909 2005 980 2072 τοῖς
1016 1990 1131 2074 αύτοϊς

113 2094 359 2183 βουλεύμασιν,
386 2094 460 2165 ἄλλ’
486 2101 535 2176 είς
561 2093 733 2183 άναβολάς
758 2097 814 2164 καλ
838 2096 1011 2185 διατριβάς
1034 2097 1131 2184 άγειν

112 2199 211 2288 ἠξίου
233 2200 273 2271 τά
296 2201 472 2292 πράγματα
495 2199 587 2289 ὁρῶν
612 2199 688 2269 ούτε
714 2200 793 2282 τούς
813 2200 997 2290 Ἀλβανούς
1024 2202 1134 2273 άπαν-

112 2334 171 2389 τας
195 2306 317 2397 ὁμοίαν
341 2315 477 2398 ἔχοντας
501 2313 548 2376 έτι
567 2312 764 2395 προθυμίαν
783 2307 867 2397 πρὸς
885 2309 1033 2398 πόλεμον
1054 2311 1133 2381 ούτε

76 2414 155 2488 εοτά
180 2416 308 2503 σφάγια
337 2414 436 2485 ὁπότε
463 2413 586 2483 θύοιτο
614 2413 691 2500 περὶ
718 2413 825 2502 μάχης
846 2416 930 2484 καλά
953 2417 1133 2506 γινόμενα·

74 2528 277 2592 4τελευτῶν
311 2522 349 2592 δὲ
380 2523 436 2590 καλ
464 2526 512 2601 είς
538 2516 746 2605 καταλλαγάς
773 2525 859 2606 ἔγνω
886 2531 1134 2610 προκαλεῖσθαι

113 2626 193 2713 τοὺς
220 2634 401 2716 πολεμίους
427 2627 590 2715 πρότερος
620 2628 994 2715 ἐπικηρυκευσάμενος,
1008 2631 1133 2717 μαθών

114 2733 175 2804 τὸν
199 2734 464 2823 ἐπικρεμάμενον
489 2736 617 2815 ἔξωθεν
632 2730 807 2820 Ἀλβανοῖς
829 2761 864 2803 τε
886 2737 942 2803 καὶ
955 2733 1134 2824 Ῥωμαίοις

115 2845 291 2927 κίνδυνον,
314 2846 346 2909 εί
367 2840 411 2928 μη
435 2845 629 2909 σπείσονται
651 2836 712 2907 τὸν
734 2837 818 2927 πρὸς
845 2839 1012 2929 άλλήλονς
1034 2846 1133 2915 πόλε-

75 2977 102 3020 οι
116 2975 194 3037 μον,
217 2945 411 3034 ἀφύλακτον
435 2946 527 3034 ὄντα,
554 2945 592 3028 ὃς
615 2951 750 3034 ἔμελλεν
769 2945 959 3036 ἀμφοτέρας
981 2948 1133 3041 άυαρπά-

117 3062 243 3123 σασθαι
264 3051 324 3134 τδις
347 3052 515 3142 δυνάμεις.
561 3046 605 3141 ἦν
629 3053 667 3121 δὲ
688 3051 832 3132 τοιόςδε·

189 3293 205 3341 6
223 3276 269 3358 ἦς]
289 3283 332 3348 οἷς
350 3288 375 3340 Α
391 3288 395 3356 1
412 3283 586 3373 γεινομέναις
603 3285 629 3339 Α
702 3292 718 3342 ‘1
737 3282 947 3355 ἀποδείξασθαι
965 3287 1043 3343 ABa
1072 3284 1131 3372 ξπι-

117 3358 270 3424 δείξασθαι
296 3357 342 3412 Bb
425 3363 458 3412 12
486 3376 578 3426 ηττων
605 3357 651 3412 Ba
732 3363 767 3413 24
791 3361 959 3414 σπείσονται
982 3376 1006 3414 c.
1029 3360 1130 3416 Re1ske

116 3432 152 3482 25
171 3423 302 3498 ἄφυκτον
322 3443 344 3482 ο.
358 3427 461 3483 Reiske
478 3430 483 3499 Ι
499 3422 719 3499 ἀναρπάσεσθαι
732 3429 860 3487 Ηοεδλοίυ
874 3429 1027 3485 ΗετιυεεΧ
1041 3448 1068 3502 p.
1079 3437 1128 3487 411

118 3497 208 3556 Cobet
225 3498 290 3556 Obs.
308 3518 336 3571 p.
351 3503 384 3554 57
