2454 3916
501 240 665 293 —B—

77 409 228 486 φθησαν,
252 404 289 468 ἐν
308 393 361 480 αἷς
384 398 402 469 ὁ
422 404 491 470 τάν
510 397 728 488 αἰχμαλώτων
749 395 846 484 ὄχλος
865 401 912 476 είς
929 394 992 482 τήν
1011 392 1089 461 Ῥύ-
1158 436 1160 441 ,

77 532 143 593 μην
161 508 321 595 κατήγετο
341 507 399 575 διὰ
416 511 478 576 τοῦ
496 510 656 593 ποταμοῦ.
693 497 792 584 οὗτος
808 502 960 590 κατήχθη
979 508 1090 592 τρίτος
1108 508 1130 575 5
1198 500 1204 511 ’

76 610 141 681 ὑπὸ
165 610 339 701 Ῥωμύλου
371 620 562 704 θρίαμβρος
593 616 708 703 μακρῷ
739 614 807 680 τάν
835 611 1008 698 προτέρων
1039 612 1089 678 ἐκ
1202 660 1204 665 2

76 722 305 809 πρεπέστερος.
345 723 402 790 καὶ
421 718 490 808 μετ’
512 718 554 789 ού
572 718 659 788 πολὺ
678 716 894 786 Οὐιεντανῶν
913 722 1090 803 πρεσβείας

76 823 283 913 ἀφικομένης
305 829 381 915 περὶ
404 825 589 905 διαλύσεως
611 829 672 894 τού
691 826 839 912 πολέμου
861 822 916 897 καὶ
938 822 1089 909 συγγνά-
1116 854 1130 896 ε

76 958 144 1020 μην
185 937 254 1001 τῶν
300 931 545 1021 ἁμαρτημάτων
586 931 744 1019 ἀξιούσης
784 937 901 1018 λαβεῖν
938 933 1033 1010 δίκας
1071 928 1088 997 ὁ

71 1036 240 1126 Ῥωμύλος
262 1037 377 1119 αύτοίς
399 1042 569 1126 ἐπιτίθησι
591 1038 701 1118 τάςδε·
725 1036 839 1126 χάραν
862 1065 897 1106 τε
919 1040 1089 1125 παραδού-

76 1170 134 1213 ναι
152 1143 326 1234 Ῥωμαίοις
352 1145 414 1234 τήν
442 1151 587 1234 προσεχῇ
615 1151 661 1237 τῷ
689 1148 839 1234 Τεβέρει,
862 1143 940 1225 τοὺς
969 1152 1090 1214 καλου-

76 1254 199 1340 μένους
217 1252 318 1322 Ἑπτά
345 1255 487 1341 πάγους,
510 1254 565 1322 καλ
592 1257 661 1322 τῶν
689 1251 780 1322 ἇλάν
808 1251 995 1340 άποστήναι
1021 1257 1090 1322 τῶν
1205 1254 1208 1259 ’

75 1359 165 1446 παρὰ
191 1374 265 1440 ταῖς
291 1363 444 1449 ἐκβολαῖς
471 1363 532 1430 τοῦ
559 1364 727 1447 ποταμοῦ,
758 1363 819 1428 τού
844 1358 881 1427 δέ
912 1358 1018 1447 μηδὲν
1042 1365 1090 1428 ἔτι
1104 1390 1131 1429 ιο

76 1472 270 1549 νεωτερίσαι
302 1464 340 1536 τὸ
372 1465 492 1535 πιστὸν
524 1480 707 1555 παρασχεῖν
741 1464 850 1555 ὅμηρα
881 1466 1088 1553 πεντήκοντα

78 1569 272 1658 ἀγογόντας.
331 1571 588 1660 ὑπομεινάντων
631 1572 668 1641 δὲ
705 1570 922 1640 Οὐιεντανῶν
959 1569 1130 1643 άπανταδ

75 1681 180 1746 ταῦτα
207 1678 356 1759 σπονδάς
382 1679 608 1767 ποιησάμενος
635 1677 719 1769 πρὸς
746 1676 869 1758 αύτούς
895 1683 943 1758 είς
970 1679 1089 1748 ἑκατὸν

77 1790 132 1871 ἔτη
156 1785 291 1873 στήλαις
314 1787 489 1875 ἐνεχάραξε
511 1785 570 1866 τὰς
593 1783 782 1873 ὁμολογίας.
826 1790 895 1854 τῶν
920 1783 951 1852 δ’
972 1790 1090 1881 αίχμα-

76 1889 193 1961 λύκων
220 1891 299 1973 τοὺς
326 1893 388 1980 μὲν
417 1891 550 1961 ἀπιέναι
583 1894 814 1980 βουλομένους
847 1890 976 1980 άφήκεν
1005 1890 1089 1962 άνεν
1104 1922 1130 1963 15

76 1998 221 2087 λύτρων,
242 1997 323 2079 τοὺς
345 1997 377 2066 δ’
398 1998 503 2068 αύτού
527 2000 641 2086 μένειν
664 2001 956 2088 προαιρουμένους
977 2005 1090 2092 πολλῷ

30 2112 218 2186 ῑὸεπλείους
242 2105 343 2186 ὄντας
364 2111 433 2174 τῶν
461 2108 585 2194 ἑτέρων
612 2113 748 2186 πολίτας
771 2107 996 2194 ποιησάμενος
1018 2122 1092 2187 ταῖς

77 2211 242 2302 φράτραις
274 2214 431 2281 ἐπιδιεῖλε
467 2215 523 2281 καλ
559 2213 706 2302 κλήρους
742 2211 856 2292 αὐτοῖς
891 2215 1091 2302 προσένειμε

77 2317 183 2403 [τοὺς]
207 2319 260 2387 έπλ
282 2319 362 2388 τάδε
384 2322 445 2388 τοῦ
472 2322 636 2408 Τεβέριος.

119 2461 143 2498 >
165 2428 250 2495 LVI.
278 2419 382 2495 Οὗτοι
403 2429 617 2513 συνέστησαν
641 2430 677 2494 oc
695 2425 836 2512 πόλεμοι
853 2423 1011 2517 Ῥωμύλῳ
1035 2426 1090 2495 λύ-
1104 2458 1131 2498 εο

75 2559 140 2618 γον
162 2535 218 2601 καλ
237 2532 369 2620 μνήμης
391 2531 488 2615 άξιοι.
529 2537 591 2601 τοῦ
610 2533 648 2600 δὲ
667 2531 773 2619 μηδὲν
793 2537 841 2600 ἔτι
858 2536 927 2601 τάν
945 2538 1090 2619 πλησίου

75 2641 191 2708 ίθνάν
213 2638 449 2727 ὑπαγαγέσθαι
476 2655 591 2726 ταχεῖα
618 2637 639 2726 ή
662 2638 797 2727 τελευτή
821 2643 882 2708 τού
904 2645 985 2725 βίου
1007 2659 1089 2727 συμ

74 2749 164 2832 βάσα
184 2752 231 2815 ἔτι
249 2745 428 2836 ἀκμάζοντι
448 2746 537 2839 αὐτῷ
556 2746 597 2816 τά
611 2749 753 2833 πολέμια
766 2746 923 2835 πράττειν
943 2749 981 2815 ἐν
1000 2751 1090 2837 αἰτία

75 2855 237 2939 γενέσθαι
265 2857 373 2936 ἔδοξε·
404 2855 480 2943 περὶ
507 2847 548 2941 ἧς
574 2854 694 2923 πολλοὶ
723 2856 972 2941 παραδέδονται
995 2852 1090 2941 λόγοι

74 2961 131 3028 καλ
151 2959 321 3049 διάφοροι,
358 2965 394 3030 οί
409 2961 472 3048 μὲν
492 2953 555 3029 οὖν
574 2963 815 3049 μυθωδέστερα
832 2959 872 3029 τά
890 2962 966 3050 περὶ
985 2938 1131 3066 αύτοῦ25

75 3070 252 3146 ποιοῦντες
285 3067 541 3154 ἐκκλησιάζοντά
579 3087 684 3155 φασιν
722 3065 826 3136 αὐτὸν
863 3069 917 3136 ἐπὶ
953 3087 1090 3154 στρατο-

147 3221 329 3296 ν*ήχθηο
404 3220 531 3296 7χάρας
548 3228 596 3283 Ba
667 3223 793 3283 θάλλων
814 3226 836 3281 0
861 3243 929 3282 corr.
950 3226 1090 3295 Gelenius,

77 3296 198 3368 Sylburg
272 3305 304 3353 11
324 3303 485 3364 νεωτεριεῖν
509 3317 532 3354 ι.
553 3300 643 3355 Cobet
660 3298 724 3355 obs.
748 3317 775 3368 p.
795 3304 829 3353 52
902 3305 935 3352 17
954 3298 1011 3351 τάν
1031 3292 1090 3352 ἕπε’-

76 3389 132 3494 ρων
161 3371 215 3424 del.
239 3367 363 3424 Reudler
384 3368 476 3422 Τίτου.
504 3390 531 3441 p.
551 3377 586 3426 24
668 3373 701 3426 19
725 3364 816 3432 *τούς
839 3369 861 3424 Ο
888 3369 939 3437 τῆς
961 3366 1063 3422 Βείελτε

92 3441 124 3494 ul
142 3441 193 3495 τοῦ
212 3435 320 3495 τάδεΒ
383 3445 418 3495 20
437 3435 615 3498 οίΒοω.Β
678 3448 711 3497 21
731 3441 915 3508 πλησίωνΒο
976 3443 1010 3492 25
1024 3457 1078 3510 περ

78 3506 168 3567 αὐτὸν
187 3528 210 3566 ο.
230 3509 319 3566 Cobet
338 3510 402 3569 obs.
421 3529 449 3580 p.
469 3517 503 3566 ὃν
