2454 3916
105 220 148 285 56
530 221 697 274 -A-

65 384 216 448 3πάσαν
241 378 325 466 ὅσην
350 376 368 449 ὁ
393 378 534 467 δάμαλις
558 383 699 466 διῆλθεν
724 375 937 448 Οὐιτουλίαν.
983 405 1122 468 μεταπεη

106 501 178 555 σεῑν
203 486 240 555 δὲ
263 484 328 555 άνόι
352 485 477 575 χρόνον
500 485 562 573 τὴν
587 484 773 573 ὀνομασίαν
798 492 845 566 είς
866 484 904 555 τὸ
920 490 985 554 νῦν
1009 491 1121 574 σχῆμα

14 680 18 689 ⁸
107 592 209 661 οὐδὲν
242 594 460 681 θαυμαστόν,
493 592 563 659 ἐπεὶ
595 593 651 660 καὶ
682 596 749 659 τῶν
775 589 981 678 Ἑλληνικῶν
1012 593 1121 662 πολλὰ

105 698 143 769 τὸ
170 698 405 789 παραπλήσιον
432 700 604 767 πέπονθεν
633 696 819 785 ὀνομάτων.
863 698 951 785 πλὴν
980 707 1044 767 εἴτε
1075 695 1123 779 ὡς

80 804 271 894 εἈντίοχός
294 824 399 893 φησιν
423 803 472 873 ἐπ’
499 802 625 893 άνδρὸς
653 801 832 891 ἡγεμόνος,
856 803 937 892 ὅπερ
962 815 1042 885 ἴσως
1063 804 1124 874 καὶ

106 911 342 1000 πιθανώτερόν
366 914 468 997 ἐστιν,
493 909 555 978 εἴθ’
582 908 627 990 ὡς
644 909 838 990 Ἑλλάνικος
862 921 965 980 οίεται
988 912 1041 980 ε’πὶ
1059 915 1122 979 τού

105 1018 234 1107 ταύρου
265 1016 326 1104 τὴν
360 1016 547 1103 ὀνομασίαν
580 1016 705 1104 ταύτην
738 1022 848 1104 ἔσχεν,
880 1018 988 1086 ἐκεῖνό
1016 1044 1055 1104 γε
1088 1019 1122 1100 ἐξ

107 1123 235 1213 άμφοῖν
268 1127 391 1210 δῆλον,
425 1121 476 1191 ότι
507 1122 590 1192 κατά
621 1120 683 1210 τὴν
707 1121 911 1213 Ἡρακλέους
937 1122 1072 1211 ἡλικίαν
1101 1118 1123 1209 ἢ

107 1235 213 1324 μικρῷ
236 1229 389 1319 πρόσθεν
414 1227 519 1310 οὕτως
543 1227 738 1316 ὠνομάσθη.
778 1228 818 1298 τόι
843 1229 880 1298 δὲ
902 1228 967 1317 πρὸ
991 1229 1123 1298 τούτων

69 1336 261 1424 ιοἝλληνες
283 1336 345 1424 μὲν
363 1334 542 1424 Ἑσπερίαν
564 1336 620 1404 καὶ
638 1334 813 1404 Αὐσονίαν
837 1334 943 1424 αὐτὴν
966 1334 1123 1422 ἐκάλουν,

108 1448 143 1514 οί
164 1443 195 1511 δ’
222 1443 393 1533 ἐπιχώριοι
417 1449 622 1531 Σατορνίαν,
648 1440 692 1523 ὡς
716 1447 848 1547 είρητριί
867 1470 925 1531 μοι
947 1442 1125 1530 πρότερον.

196 1552 346 1618 XXXVI.
372 1548 468 1617 Ἔστι
492 1551 533 1618 δι’
552 1577 602 1628 τις
628 1550 684 1616 καὶ
708 1551 819 1638 ἕτερος
840 1549 942 1636 λόγος
962 1547 1031 1618 ὑπὸ
1054 1551 1124 1616 τῶν

108 1659 295 1744 ἐπιχωρίων
323 1656 638 1743 μυθολογούμενος,
667 1652 712 1735 ὡς
737 1654 802 1743 πρὸ
825 1661 884 1744 τῆς
907 1654 992 1737 Διὸς
1019 1653 1126 1742 ἀρχῆς

108 1761 126 1832 δ
152 1762 287 1851 Κρόνος
310 1765 347 1831 ἐν
369 1766 409 1851 τῇ
433 1767 474 1851 γη
501 1762 605 1851 ταύτη
630 1761 880 1849 δυναστεύσειε,
907 1764 963 1832 καὶ
986 1759 1004 1830 ὁ
1029 1760 1126 1847 λεγό-

68 1894 95 1935 15
108 1895 209 1956 μενος
237 1866 286 1936 ἐπ’
317 1870 448 1936 ἐκείνου
476 1874 550 1954 βίος
578 1866 681 1937 άπασι
705 1867 849 1957 δαψιλὴς
876 1867 1014 1948 ὁπόσοις
1037 1858 1124 1955 ὧραι
1145 1882 1169 1932 9:

21 1964 24 1969 Α
110 1974 259 2063 φύουσιν
279 1971 320 2043 οὐ
338 1972 416 2062 παρ’
434 1972 550 2054 άλλοις
569 1972 736 2062 μάλλονιῆ
757 1974 847 2063 παρὰ
866 1981 961 2062 σφίσι
980 1976 1126 2061 γίνοιτο.

70 2074 91 2138 2
110 2081 167 2149 καὶ
186 2089 219 2148 εί
232 2107 283 2159 τις
301 2077 409 2159 άλλως
422 2078 558 2166 άφελῶν
576 2078 614 2148 τό
634 2085 792 2168 μυθῶδες
810 2086 871 2150 τοῦ
890 2082 994 2168 λόγου
1014 2078 1126 2168 χώρας

109 2185 231 2276 ἀρετὴν
259 2185 418 2268 ἐξετάζειν
445 2186 654 2273 ἐθελήσειεν,
683 2189 716 2268 ἐξ
739 2178 779 2274 ἧς
800 2190 899 2274 γένος
920 2188 958 2258 τὸ
987 2185 1125 2274 ἀνθρύ-

109 2319 183 2362 πων
197 2297 350 2371 πλείστας
364 2290 577 2381 εὐφροσύνας
591 2292 803 2382 ἐκαρπώσατο
818 2294 1003 2382 γενόμενον
1018 2289 1127 2372 εὐθὺς

70 2427 96 2468 ιο
110 2398 164 2470 εἴτ’
191 2402 226 2468 ἐκ
249 2403 309 2486 γῆς
333 2395 378 2479 ὥς
402 2395 420 2467 ὁ
443 2397 584 2478 παλαιός
607 2403 673 2486 ἔχει
696 2397 806 2484 λόγος,
830 2397 884 2467 εἴτ’
910 2398 1019 2478 άλλως
1041 2422 1127 2486 πως,

111 2505 172 2576 οὐκ
195 2502 238 2574 ὀὶν
262 2503 355 2593 εὐροι
378 2504 500 2593 ταύτης
513 2504 589 2574 τινὰ
613 2508 890 2593 ἐπιτηδειοτέραν.
921 2503 966 2587 ὡς
979 2503 1043 2591 γάρ
1064 2509 1126 2591 μία

109 2618 151 2701 γη
179 2611 263 2702 πρὸς
291 2614 406 2699 ἑτέραν
434 2617 611 2699 κρίνεσθαι
638 2611 806 2699 τοσαύτην
832 2610 871 2681 τὸ
899 2615 1059 2700 μέγεθος,
1085 2608 1127 2680 οὐ

110 2719 219 2807 μόνον
242 2723 299 2806 τῆς
313 2717 489 2805 Εὐρώπης,
512 2717 596 2786 ἀλλὰ
618 2720 750 2805 καὶτῆς
773 2716 875 2806 άλλης
897 2717 1027 2805 ἁπάσης
1044 2745 1126 2805 κρα-

72 2835 92 2900 3
110 2830 203 2911 τίστη
226 2822 297 2893 κατ’
323 2821 406 2910 ἐμὴν
431 2823 534 2905 δόξαν
558 2825 648 2892 ἐστὶν
669 2822 800 2893 Ἰταλία.
822 2831 931 2893 καίτοι
953 2853 995 2914 με
1008 2823 1051 2894 οὐ
1073 2826 1126 2894 λε’-

71 2958 97 3000 ²5
111 2939 218 3018 ληθεν
242 2928 293 2998 ὅτι
315 2936 452 3010 πολλοῖς
476 2928 516 2997 οὐ
539 2928 637 2998 πιστά
662 2930 748 3013 δόξω
768 2933 890 3018 λέγειν,
914 2933 1128 3020 ἐνθυμουμέ·

111 3060 185 3116 νοις
207 3034 381 3122 Αίγυπτόν
409 3062 444 3104 τε
470 3037 526 3105 καὶ
550 3036 683 3124 Λιβύην
709 3038 766 3106 καὶ
793 3042 982 3125 Βαβυλῶνα
1008 3039 1066 3107 καὶ
1097 3043 1130 3107 εί

112 3142 155 3230 δή
177 3169 267 3222 τινες
289 3140 385 3210 άλλοι
408 3147 515 3230 χῶροί
534 3148 621 3212 εἰσιν
644 3142 858 3231 εὐδαίμονες·
882 3141 955 3212 ἀλλ’
981 3146 1046 3231 ἐγιι
1065 3145 1128 3215 τὸν

183 3291 199 3339 2
226 3279 279 3354 τὴν
299 3278 455 3354 ὀνομασίαν
480 3288 575 3340 om.B
639 3282 763 3342 6ἐπλΒ
788 3281 845 3341 άπὸ
865 3290 891 3341 Α
955 3293 987 3341 11
1008 3304 1129 3356 σατουρ-

111 3357 219 3410 νίοινΒ
243 3357 395 3424 σανορνίαν
413 3357 439 3409 R
531 3364 562 3413 16
582 3358 687 3428 μάλλον
705 3359 731 3412 R
767 3353 896 3427 μόνονΒ
987 3364 1020 3413 17
1041 3360 1129 3420 εἴτις

112 3423 201 3490 ἄλλως
220 3445 242 3483 ο.
263 3425 395 3497 Sylburg,
414 3427 529 3497 Reiske,
548 3429 705 3484 Ambrosch
733 3431 764 3483 εί
781 3448 823 3490 τις
850 3423 933 3493 ἄλλος
950 3432 976 3486 R
1000 3431 1086 3490 εἴτις
1104 3429 1129 3482 Β

148 3504 182 3553 11
210 3501 278 3569 μίαν
301 3499 356 3566 γῆν
375 3515 398 3552 ο.
418 3497 541 3569 Sylburg
613 3506 646 3555 22
667 3502 871 3570 συγκρίνεσθαι
889 3517 912 3556 ο.
933 3500 1091 3571 Stephanus
