2454 3916
509 233 543 242 -
579 203 604 257 Α
641 233 675 242 ..

88 360 182 446 ἑκοόν,
196 364 333 450 πρῶτον
348 360 409 448 μὲν
424 365 456 430 εί
470 365 569 442 ζῶσιν
585 364 619 430 οί
630 364 748 442 παῖδες
761 360 873 452 η’ρετο·
897 359 941 442 ὑς
956 360 994 429 δὲ
1006 359 1098 430 τοῦτ’

85 471 191 554 ἔμαθε
217 470 277 554 τῆς
305 473 470 555 σωτηρίας
499 467 615 549 αὐτοῖς
643 466 735 549 ὅστις
762 465 780 537 ὁ
803 468 927 557 τρόπος
956 470 1100 555 ἐγένετο·

86 575 339 660 διηγησαμένου
363 574 400 642 δὲ
423 572 529 643 αὑτοῦ
551 576 660 644 πάντα
689 573 734 656 ὡς
757 574 925 663 ἐπράχθη,
943 572 1022 661 ’Ἁγε
1047 573 1100 661 δή,

84 680 190 768 φησὶν
210 677 228 748 ὁ
246 680 415 767 βασιλεύς,
434 680 547 769 ἐπειδὴ
570 681 664 752 ταῦτ’
685 680 878 768 ἀληθεύσας
898 687 992 768 ἔχεις,
1016 680 1101 767 φρά-

83 805 145 855 σον
170 784 260 856 ὅπου
289 791 355 856 νῦν
383 782 426 855 άν
449 787 632 876 εὑρεθεῖεν.
679 787 720 857 ού
742 788 806 877 γάρ
835 793 882 856 ἔτι
906 792 1035 856 δίκαιοί
1055 791 1100 855 εί·
1127 817 1140 856 ε

82 912 136 961 σιν
166 895 205 962 ἐν
233 892 412 978 βουκόλοις
438 895 494 961 καὶ
523 892 649 976 άδοξον
676 900 754 980 βίον
784 898 841 982 ζῆν
872 899 984 981 ἔμοιγε
1007 891 1102 974 ὄντες

82 1013 269 1087 συγγενεῖς,
292 998 402 1081 άλλως
423 1027 459 1069 τε
481 1002 537 1068 καὶ
560 1006 653 1071 θεῶν
676 1007 822 1092 προνοίᾳ
845 1000 1037 1088 σωζόμενοι.

171 1126 352 1193 LXXXIII.
396 1124 588 1206 Φαιστύλος
615 1126 654 1194 δὲ
677 1130 736 1214 τῆς
763 1125 892 1213 άλόγον
913 1125 1101 1215 πραότητος

77 1227 212 1321 ὑποψίᾳ
234 1233 388 1318 κινηθεὶς
410 1230 455 1319 μὴ
476 1246 619 1321 φρονεῖν
640 1231 745 1302 αὑτὸν
770 1231 870 1320 ὅμοια
893 1247 964 1314 τοῖς
986 1231 1101 1319 λόγοις

74 1336 299 1425 ἀποκρίνεται
323 1329 402 1406 ὦδε·
438 1342 482 1406 Os
507 1338 569 1426 μὲν
596 1343 714 1420 παῖδές
741 1345 827 1408 είσιν
852 1342 889 1409 ἐν
912 1353 984 1418 τοῖς
1005 1337 1099 1426 όρεσι
1114 1368 1140 1406 ιο

71 1448 339 1531 βουκολοῦντες,
363 1443 466 1534 ὅσπερ
489 1448 629 1515 ἐκείνων
652 1451 743 1533 βίος,
772 1444 836 1532 ἐγὼ
862 1443 893 1512 δ’
920 1447 1099 1533 ἐπέμφθην

67 1549 159 1638 παρ’
187 1547 299 1620 αὐτῶν
327 1555 367 1640 τῇ
396 1553 496 1640 μητρὶ
525 1552 688 1640 δηλώσων
719 1555 756 1621 ἐν
789 1547 843 1632 αἶς
874 1556 939 1620 είσι
971 1551 1099 1639 τύχαις·

66 1657 208 1743 ταύτην
233 1657 381 1745 δὲπαρά
410 1677 464 1726 σοι
493 1659 724 1745 φυλάττεσθαι
749 1658 886 1729 άκούων
915 1657 1099 1747 δεήσεσθαι

63 1770 137 1853 τῆς
162 1768 225 1851 σῆς
246 1762 418 1852 θυγατρὸς
436 1770 587 1851 ἔμελλον,
606 1769 664 1834 ἵνα
683 1792 723 1854 με
741 1763 825 1855 πρὸς
843 1764 949 1854 αὐτὴν
968 1763 1099 1852 άγάγοι.

64 1871 142 1960 τὴν
167 1870 207 1939 δὲ
230 1871 364 1959 σκάφην
388 1877 529 1960 ἔφερον,
557 1871 602 1940 ἵν’
630 1878 693 1960 ἔχω
718 1871 893 1942 δεικνύναι
915 1872 1096 1961 τεκμήριον
1111 1898 1137 1938 ιε

20 1977 234 2067 ιθέμφανὲς
255 1976 323 2064 ἅμα
345 1987 416 2059 τοῖς
434 1981 557 2065 λόγοις.
598 1983 665 2047 νῦν
689 1971 752 2048 οὖν
771 1981 841 2049 ἐπεὶ
865 1982 1025 2050 δέδοκταί
1044 1998 1098 2048 σοι

63 2084 161 2164 τοὺς
183 2089 383 2163 νεανίσκους
406 2087 507 2170 δεῦρο
530 2090 666 2172 κομίσαι
692 2091 797 2173 χαίρω
818 2111 865 2172 τε,
886 2088 943 2153 καὶ
965 2087 1098 2173 πέμψον

64 2190 238 2271 ούςτινας
260 2189 375 2275 βούλει
390 2187 455 2257 σὺν
474 2192 556 2276 ἐμοί.
591 2194 688 2273 δείξω
707 2192 769 2280 μὲν
788 2184 851 2260 οὖν
869 2206 941 2271 τοῖς
956 2195 1098 2261 ἐλθοῦσι

62 2301 159 2377 τοὺς
181 2300 315 2381 παῖδας,
338 2295 510 2384 φράσουσι
531 2295 562 2363 δ’
584 2295 698 2377 αύτοῖς
717 2300 840 2366 ἐκεῖνοι
858 2296 899 2365 τὰ
916 2296 1007 2386 παρά
1025 2317 1097 2367 σου.

66 2405 92 2476 ὁ
119 2403 187 2491 μὲν
216 2400 258 2490 δὴ
285 2400 378 2472 ταῦτ’
404 2408 517 2490 ἔλεγεν
544 2402 717 2492 ἀναβολὴν
746 2402 907 2495 εὑρέσθαι
934 2402 1097 2491 βουλόμε·

65 2539 140 2591 νος
167 2524 240 2590 τοῖς
261 2510 357 2578 παισὶ
384 2513 446 2578 τού
469 2508 625 2578 θανάτου
647 2511 703 2579 καὶ
730 2509 799 2598 ἅμα
826 2508 927 2591 αύτδς
949 2508 1097 2599 άποδρά-

67 2626 204 2688 σεσθαι
226 2614 307 2696 τοὺς
328 2615 488 2703 άγοντας,
517 2614 654 2685 ἐπειδάν
678 2619 715 2684 ἐν
737 2630 809 2696 τοῖς
831 2614 926 2705 όρεσι
948 2620 1097 2705 γίνηται,

67 2729 225 2803 ἐλπίσας.
267 2720 420 2810 Ἀμόλιος
448 2723 485 2791 δὲ
512 2738 583 2804 τοῖς
613 2722 824 2804 πιστοτάτοις
851 2728 920 2792 τῶν
949 2722 1097 2812 ὁπλοφό-

70 2857 152 2920 ρων
180 2831 366 2910 ἐπιστείλας
391 2829 521 2918 κρύφα,
552 2827 612 2911 οὑς
638 2827 682 2899 διν
710 2829 728 2899 ὁ
757 2829 952 2920 συοφορβὸς
982 2831 1098 2914 αὐτοῖς

1116 2377 1138 2440 2

1111 2464 1138 2503 20

73 3122 94 3172 8
113 3110 173 3170 ὑπδ
193 3115 244 3184 τῆς
262 3131 286 3168 ο.
301 3112 431 3197 Τοῖοείομ
488 3120 519 3168 11
539 3108 627 3183 ὅσπερ
641 3045 957 3184 ὑίὺνΤΙὺόόὺὑὺἈαὺὑξῳ
975 3046 1096 3185 eamne}

75 3187 131 3241 ΒΤ
159 3180 213 3240 ὑπ’
232 3186 259 3239 R
338 3189 372 3238 14
395 3205 446 3255 της
473 3186 524 3254 σῆς
545 3183 691 3255 θυγατρός
713 3185 764 3241 ΒΤ
795 3187 845 3256 τῆς
867 3191 898 3244 θ.
921 3188 971 3257 τῆς
998 3189 1049 3256 σῆς
1070 3190 1096 3243 R

118 3263 151 3313 16
171 3251 235 3312 ἐπεὶ
253 3254 328 3311 BbT
348 3251 395 3310 ἐπὶ
409 3257 454 3310 Ba
473 3252 573 3325 ἐπειδὴ
587 3258 612 3311 R
627 3257 632 3326 Ι
648 3256 807 3329 δέδοκ<ταί
818 3256 919 3329 σοι>Β
938 3276 981 3313 σοι
1000 3275 1054 3312 οω.
1073 3257 1096 3310 Τ

81 3332 115 3383 18
135 3326 310 3399 δείξομενΤ
365 3332 398 3382 19
417 3328 523 3390 παῖδας
541 3328 593 3382 ΒΤ
612 3330 717 3391 παῖδας
737 3324 831 3397 ἐγάΒ
885 3334 918 3383 21
938 3327 1094 3400 παισλνΔΙ

79 3394 304 3469 άποδράσασθαι
324 3398 377 3453 AB
393 3400 398 3467 Ι
418 3393 674 3469 άποδράσεσθαιΤ
747 3405 781 3454 28
801 3395 981 3468 ὁπλοφόρων]
1005 3401 1096 3467 φίλων

79 3467 104 3521 Τ
119 3471 124 3537 Ι
140 3465 285 3540 συφορβός
303 3470 356 3523 ΒΤ

150 3051 167 3099 3
188 3037 226 3106 ὥς
243 3044 297 3098 ΒΤ
315 3035 370 3098 ὅσα
388 3043 411 3096 Β
484 3049 500 3098 6
519 3039 624 3109 άδοξον
