2454 3916
589 229 754 280 „p-

162 388 219 457 καί
250 385 313 474 τήν
344 383 530 473 ήγεμονίαν
560 375 705 454 ἄπόδοτε
736 390 797 476 μιᾷ
823 390 863 475 τῇ
890 393 1059 476 κρείττονι
1086 389 1186 461 πόλει

162 495 220 563 καὶ
242 498 381 563 πλείονα
405 494 578 582 δυναμένη
597 505 707 562 ποιεῖν
726 490 841 579 ἄγαθδι
858 493 920 581 τήν
939 492 1073 582 ήττονα.
1118 498 1185 584 ἐγὼ

163 601 225 688 μὲν
263 599 305 689 δή
347 597 439 670 ταῦτ’
474 597 555 680 ἀξιῶ
597 599 654 666 καὶ
692 599 823 668 τούτων
863 605 1060 688 γενομένων
1102 604 1182 674 τόθ’

161 707 309 797 ήγοῦμαι
334 710 479 795 βεβαίως
505 702 592 793 ἡμᾶς
618 710 757 774 ἔσεσθαι
784 710 921 793 φίλους,
954 707 1018 777 δύο
1052 711 1091 778 δὲ
1123 711 1184 780 πό-

121 839 135 882 ι
162 824 231 896 λεις
272 819 449 894 οίκούντας
490 811 718 901 ἰσοκορύφους
759 810 868 901 ὥσπερ
910 818 977 883 νῦν
1018 803 1207 888 οὐδέποτε

162 919 374 1010 ὁμονοήσειν.
1208 927 1213 932 ’

244 1030 297 1115 ‚X
346 1025 446 1095 Ταῦτ’
481 1024 628 1107 ἄκούσας
663 1024 682 1095 ὁ
724 1030 933 1114 Φουφέττιος
969 1028 1098 1116 χρόνον
1131 1036 1226 1112 είς431

160 1133 290 1222 βουλήν
313 1131 470 1222 ήτήσατο,
491 1134 548 1201 καί
571 1132 733 1220 μεταστὰς
760 1135 795 1201 έκ
819 1137 880 1202 τοῦ
903 1134 1074 1221 συλλόγου
1097 1136 1181 1224 μετὰ

160 1245 229 1309 τῶν
257 1241 437 1330 παρόντων
461 1239 634 1326 Ἀλβανῶν
663 1244 696 1307 εί
723 1239 785 1327 χρή
815 1243 974 1328 δέχεσθαι
1000 1240 1060 1322 τὰς
1090 1248 1181 1333 αίρέ-

121 1373 148 1412 ιο
162 1367 231 1427 σεις
257 1348 399 1417 ἐσκόπει.
450 1345 495 1428 ὡς
527 1347 565 1415 δέ
596 1345 656 1427 τὰς
686 1344 846 1416 ἁπάντων
877 1346 1015 1435 γνώμας
1047 1354 1180 1438 ἔλαβεν,

161 1454 361 1544 ἐπιστρέψας
396 1447 499 1535 αὖθις
534 1460 583 1534 είς
617 1452 679 1523 τὸν
715 1453 883 1540 σύλλογον
921 1457 1044 1536 ἔλεξεν·
1076 1455 1179 1545 Ἡμῖν

160 1564 238 1649 μέν,
262 1554 289 1630 ὦ
316 1560 438 1646 Τύλλε,
460 1558 522 1647 τήν
545 1559 608 1647 μέν
631 1563 776 1649 πατρίδα
798 1567 992 1629 καταλιπεῖν
1018 1558 1061 1655 ού
1085 1566 1183 1633 δοκεῖ

161 1666 237 1738 οὐδ’
263 1669 447 1755 ἐξερημοῦν
476 1664 549 1755 ίερδι
580 1669 719 1757 πατρῷοι
747 1666 804 1734 καὶ
832 1665 1038 1756 προγονικὰς
1067 1671 1181 1750 ἑστίας

159 1777 216 1845 καί
247 1775 368 1860 τόπον,
401 1771 442 1842 ὃν
474 1771 573 1860 ἐγγύς
604 1774 689 1841 ἐτῶν
715 1777 946 1841 πεντακοσίων
977 1777 1012 1842 οί
1038 1779 1180 1864 πατέρες

120 1905 147 1946 15
160 1881 257 1971 ἡμῶν
284 1882 461 1968 κατέσχον,
487 1881 544 1948 καί
567 1884 671 1948 ταῦτα
698 1878 744 1967 μὴ
766 1881 915 1967 πολέμου
936 1882 1181 1968 κατειληφότος

160 1988 247 2078 ἡμᾶς
282 1985 361 2077 μηδ’
392 1985 497 2074 ἄλλης
532 1988 748 2073 θεοπέμπτου
785 1991 963 2075 συμφορᾶς
998 1992 1178 2077 μηδεμιᾶς·

160 2100 198 2164 ἓν
232 2095 270 2163 δέ
300 2093 573 2181 καταστήσασθαι
609 2093 853 2182 βουλευτήριον
885 2095 941 2162 καὶ
973 2099 1055 2181 μίαν
1088 2095 1181 2166 εἶναί
1207 2094 1220 2117 ”

120 2199 222 2291 ἄτην
245 2200 416 2290 ἄρξουσαν
439 2203 498 2287 τής
521 2200 634 2287 έτέρας
658 2198 760 2268 πόλιν
784 2197 845 2268 οὐκ
867 2198 1055 2288 ἄπαρέσκει.
1096 2232 1178 2294 γρα-

159 2311 279 2398 φέσθω
304 2307 346 2396 δὴ
368 2308 546 2377 καὶτοῦτο
569 2305 608 2375 τὸ
638 2308 739 2396 μέρος
761 2308 799 2375 έν
822 2320 894 2386 ταῖς
916 2308 1122 2397 συνθήκαις,
1147 2339 1178 2380 ει

118 2437 145 2479 ιο
160 2422 267 2502 δοκεῖ,
293 2416 350 2484 καί
376 2417 466 2483 πᾶσα
496 2411 705 2501 ἀναιρείσθω
733 2415 882 2501 πολέμου
904 2414 1083 2504 πρόφασις.
1130 2417 1179 2500 ως

159 2523 197 2592 δὲ
226 2523 419 2610 συνέβησαν
451 2521 504 2588 ἐπὶ
530 2519 678 2606 τούτοις,
710 2520 785 2608 περὶ
812 2523 870 2607 τής
898 2521 1085 2609 μελλούσης
1112 2523 1177 2612 τήν

157 2628 342 2718 ἡγεμονίαν
382 2625 643 2716 παραλήψεσθαι
687 2625 817 2706 πόλεως
862 2628 1078 2717 διεφέροντο,
1119 2633 1178 2701 καὶ

157 2737 277 2806 πολλοὶ
309 2735 497 2822 ἐλέχθησαν
529 2738 577 2813 είς
608 2735 707 2801 τοῦτο
740 2732 837 2819 λόγοι
864 2733 942 2822 παρ’
972 2732 1176 2825 ἀμφοτέρων

159 2846 373 2921 δικαιοῦντος
406 2842 565 2928 ἑκατέρου
601 2837 663 2926 τήν
696 2837 801 2908 αὑτοῦ
833 2840 933 2909 πόλιν
965 2839 1083 2930 ἄρχειν
1115 2848 1178 2932 τῆς

118 2967 145 3010 25
160 2949 281 3039 ἑτέρας.
332 2946 349 3017 ὁ
378 2947 440 3037 μέν
469 2939 533 3016 οὖν
557 2944 719 3034 Ἀλβανδς
748 2951 888 3016 τοιαῦτα
918 2952 1096 3038 προίσχετο
1125 2954 1175 3019 δί-

118 3049 248 3126 3καια·
281 3054 409 3144 Ἡμεῖς,
437 3049 464 3124 ὦ
495 3054 617 3141 Τύλλε,
648 3055 705 3122 καί
734 3057 795 3141 τῆς
826 3053 888 3142 μὲν
915 3053 1018 3141 ἄλλης
1049 3054 1221 3144 ἄρχεινῖιι

158 3163 249 3246 ἄξιοί
275 3164 375 3252 ἐσμεν
402 3161 556 3248 Ἰταλίας,
591 3159 643 3230 ότι
676 3166 778 3241 ἔθνος
801 3158 999 3248 Ἑλληνικὸν
1032 3163 1089 3230 καὶ
1118 3168 1175 3251 μέ-

230 3365 262 3413 11
283 3356 324 3422 είς
341 3358 365 3413 Β
383 3356 482 3443 οτιᾲ
538 3361 571 3412 13
591 3353 621 3422 έξ
641 3352 959 3446 έρήμοοΑκὲσ>τίας
977 3356 1030 3444 ᾼΒ
1057 3424 1065 3444 Ι
1087 3365 1120 3414 14
1140 3354 1174 3414 δν

158 3449 212 3488 om.
231 3430 307 3485 ΑΒο
387 3435 421 3484 19
440 3430 476 3498 δη
495 3428 549 3482 ΑΒ
627 3433 662 3484 20
680 3428 897 3502 ιιν<αι>ρεῖσθω
921 3429 945 3482 Β
972 3432 1173 3499 ανηρησθωΑ

158 3508 192 3558 25
210 3499 401 3576 προ<ί>σηετο
419 3501 443 3556 Β
460 3501 607 3570 προείχετο
625 3499 651 3554 A
723 3505 759 3555 26
777 3498 827 3554 καί
841 3499 894 3556 del.
910 3499 1000 3557 Cobet
1014 3499 1081 3557 obs.
1095 3520 1123 3572 p.
1139 3506 1170 3558 61
