2454 3916
582 201 747 255 ..ς-

157 362 306 447 αίρεθείς
333 358 393 429 ύπί
426 364 487 430 τού
516 359 626 447 δύμον
653 367 729 450 τρία
756 361 813 429 καὶ
845 360 1088 449 τετταράκοντα
1117 364 1174 448 έτη

156 471 360 554 βασιλεῦσαι.
406 465 532 546 Τύλλος
555 467 593 536 δέ
611 469 772 547 Ὁστίλιος
791 465 871 554 μετὰ
890 465 1013 553 Νόμαν
1033 468 1098 536 δύο
1117 469 1174 536 καὶ

157 573 345 661 τριάκοντα.
392 572 410 642 6
441 571 472 641 δ’
499 577 551 643 ἐπὶ
579 574 687 666 τούτςο
715 573 916 660 βασιλεύσας
928 572 1051 660 ’Ἄγκος
1076 574 1174 662 Μάρ

155 707 228 760 κιος
249 684 388 769 τέτταρα
407 680 490 770 πρὸς
509 696 579 762 τοϊς
598 691 711 750 είκοσι.
749 680 830 769 μετά
850 681 888 749 δὲ
906 680 1067 769 Μάρκιον
1086 681 1173 751 Λεύ-

117 812 130 852 5
156 815 229 868 κιος
246 789 433 876 Ταρκύνιος
450 786 469 856 6
483 790 622 876 κληθεὶς
635 794 785 877 Πρίσκος
804 786 890 859 ὀκτοδ
907 789 964 857 καὶ
981 788 1173 878 τριάκοντα.

156 899 278 964 τοῦτον
294 895 331 964 δέ
346 894 584 982 διαδεξάμενος
593 895 759 983 Σερούϊος
774 894 917 976 Τύλλιος
927 895 1173 983 τετταράκοντα

156 1003 211 1070 καί
225 1005 372 1089 τέτταρα.
405 999 423 1070 6
438 1002 608 1091 Σερούϊον
623 1002 661 1070 δὲ
679 999 810 1071 άνελιόν
825 1000 968 1082 Λεύκιος
985 1002 1174 1089 Ταρκύνιος

157 1106 176 1176 6
198 1107 401 1194 τυραννικὸς
418 1111 474 1177 καὶ
493 1109 550 1177 διὰ
567 1109 630 1197 τὴν
647 1113 709 1179 τού
730 1113 863 1178 δικαίου
884 1106 1070 1197 ὑπεροψίαν
1088 1116 1167 1196 κλη-
1174 1127 1217 1178 192

156 1217 231 1296 θεὶς
258 1215 502 1346 Σούπερβρς
489 1220 550 1297 ε’ως
581 1221 734 1286 είκοστού
760 1218 816 1285 καὶ
845 1217 995 1303 πέμπτου
1024 1239 1172 1304 προαχα

116 1310 290 1438 3γείν
256 1350 318 1410 την
347 1321 463 1412 άρχύν.
504 1323 671 1409 τεττάρων
701 1323 738 1392 δέ
767 1323 823 1391 καὶ
849 1321 1095 1411 τετταράκοντα
1117 1325 1172 1392 καί

116 1398 340 1499 ωδιακοσίων
363 1427 674 1519 ἀναπληρουμένων
704 1425 845 1517 &ww
825 1456 847 1497 α
869 1429 1031 1515 κατέσχον
1056 1433 1093 1516 οδ
1113 1436 1172 1517 βα-

156 1542 269 1621 σιλεϊς,
293 1534 512 1624 ὀλυμπιάδων
536 1536 575 1604 δὲ
597 1539 674 1622 μιᾶς
693 1538 749 1603 καί
773 1534 932 1623 εξήκοντα
954 1539 1045 1603 πάσα
1068 1535 1171 1623 άνάχ-

83 1689 87 1695 -
154 1668 196 1727 κη
223 1639 284 1711 τὸν
311 1646 446 1730 πρῶτον
479 1641 625 1729 ἄρξαντα
656 1646 715 1729 τῆς
746 1641 874 1721 πόλεως
898 1639 1072 1729 Ρωμύλον
1107 1648 1171 1712 έτει

155 1748 274 1839 πρώτω
306 1754 365 1836 τῆς
403 1748 548 1837 εβδόμης
585 1747 792 1836 ὀλυμπιάδος
827 1750 1072 1836 παρειληφέναι
1109 1747 1170 1836 τὴν

117 1876 142 1916 15
155 1859 331 1940 βασιλείαν
359 1853 522 1943 άρχοντος
542 1852 705 1942 Ἀθήνησι
732 1859 791 1941 τῆς
819 1858 989 1934 δεκαετίας
1011 1853 1171 1942 Χάροπας

156 1967 229 2041 ἔτος
251 1986 394 2048 πρωτον.
425 1966 526 2030 τοῦτο
543 1960 608 2049 γάρ
628 1960 645 2030 6
665 1959 825 2048 λογισμὸς
842 1965 910 2030 τῶν
930 1959 1049 2030 ἐμόν’
1031 1976 1170 2031 απαιτεί.

157 2066 208 2136 ὅτι
232 2059 270 2135 δὲ
292 2071 437 2136 τοσαῦτα
461 2070 598 2148 ἕκαστος
623 2072 692 2138 τῶν
719 2070 887 2154 βασιλέων
914 2059 1016 2156 ἧρξεν
1040 2074 1097 2156 έτη
1122 2066 1168 2137 δι’

156 2177 288 2243 ἐκείνου
312 2178 476 2262 δηλοῦταί
495 2200 553 2262 μοι
575 2178 637 2243 τού
660 2174 774 2261 λόγου.

120 2287 142 2350 4
177 2316 179 2320 ’
249 2281 296 2350 Τά
319 2281 381 2370 μὲν
401 2281 442 2370 66
462 2284 537 2370 περὶ
555 2287 616 2352 τοῦ
634 2281 763 2370 χρόνου
776 2280 856 2350 καθ’
874 2278 916 2351 ὃν
939 2278 959 2369 6
983 2286 1050 2351 νῦν
1066 2286 1170 2351 δυνα-

115 2420 142 2460 εο
157 2389 322 2459 στεύουσα
345 2388 440 2470 πόλις
463 2387 594 2482 ᾠκίσθη
622 2403 692 2468 τοίς
721 2415 756 2456 τε
778 2385 842 2473 πρὸ
867 2390 949 2475 έμού
973 2391 1171 2475 γενομένοις

156 2497 314 2584 εἰρημένα
345 2493 446 2582 κάμοὶ
479 2498 647 2565 δοκοῦντα
676 2492 783 2563 τοιάδ’
810 2497 911 2563 ἐστιν.
962 2498 1107 2564 οίκισταὶ
1136 2494 1167 2565 δ’

155 2601 257 2689 αὐτῆς
288 2605 410 2682 οἵτινες
439 2594 527 2689 ἦσαν
554 2603 610 2670 καὶ
638 2606 704 2670 τίσι
731 2599 847 2686 τύχαις
873 2600 1080 2688 χρησάμενοι
1107 2600 1170 2690 τὴν

155 2706 313 2775 άποικίαν
338 2713 487 2776 ἔστειλαν
512 2705 575 2776 ὅσα
602 2734 636 2776 τε
660 2705 744 2774 άλλα
771 2707 846 2792 περὶ
873 2705 935 2792 τὴν
958 2712 1069 2776 κτίσιν
1092 2709 1170 2777 ταύ-

155 2839 217 2899 την
242 2812 413 2900 ἱστόρηται
442 2821 580 2893 πολλοῖς
606 2814 668 2902 μὲν
698 2823 825 2902 είρηται
852 2814 908 2881 καὶ
932 2813 1109 2903 διαφόρως
1130 2814 1170 2885 τὰ

115 2948 141 2989 ετ
155 2926 291 2988 πλείστα
319 2921 437 3002 ἐνίοις,
465 2919 663 3005 λεχθήσεται
691 2919 728 2987 δὲ
755 2916 855 3004 κάμοὶ
882 2916 922 2987 τά
949 2920 1170 2992 πιθανώτατα

154 3029 222 3093 τῶν
246 3026 564 3112 μνημονευομένων
611 3031 676 3113 ἔχει
700 3026 737 3094 δὲ
761 3018 840 3093 ὦδε·

225 3179 370 3245 λτύλλιος
388 3183 410 3237 Β
427 3187 431 3252 Ι
448 3178 583 3247 ὁστίλλιος
601 3185 653 3239 ΑΒ
731 3193 749 3239 4
767 3180 889 3272 άμρκον
895 3185 947 3239 ΑΒ
1023 3189 1168 3257 6οερονί-

153 3256 255 3318 λιοςΑ
329 3253 484 3324 ίτέσσαρα
502 3255 525 3309 Β
541 3258 545 3325 Ι
563 3258 727 3343 σερουίλιον
736 3258 761 3310 Α
841 3251 1009 3311 86Bom.
1029 3258 1055 3311 Β
1078 3262 1082 3325 Ι
1104 3279 1169 3328 τυρ·

154 3322 325 3412 ρηνικόςΒ
383 3324 470 3389 θέας
489 3327 585 3380 om.B
659 3333 690 3380 11
710 3322 950 3397 άναπολουμὲνων
974 3328 1029 3394 ΑΙ
1055 3279 1168 3384 έτάνΒ

154 3414 208 3452 om.
227 3399 253 3452 Β
277 3389 325 3466 Ι“
306 3418 325 3451 α
345 3393 568 3484 κατέσχονΒ’
550 3395 656 3452 ακάτια
680 3395 762 3467 ἔσχον
786 3399 809 3450 Α
882 3404 915 3453 15
938 3396 997 3485 τὴν
1015 3401 1168 3456 δεκαετίαν

153 3468 206 3522 AB
278 3475 317 3523 21·
330 3463 425 3523 τοιαδ
445 3464 582 3524 Βτοιάδε
601 3470 627 3522 Β
697 3475 731 3523 22
751 3467 800 3523 καὶ
818 3462 1042 3540 Kiessling60
1145 3480 1153 3491 “’

84 3624 193 3664 Α.
