2454 3916
523 214 688 264 -p-

101 369 203 450 αύτὸς
226 370 287 458 μὲν
310 376 369 459 τῆς
386 369 570 458 Ῥωμαϊκῆς
596 368 710 457 ἡγεῖτο
739 370 929 458 δυνάμεως,
950 368 1112 458 Ἀρρόντα
1180 367 1182 370 ’

101 476 140 544 δὲ
166 476 227 544 τὸν
245 475 464 565 -άόελφιδοῦν
491 480 550 564 τῆς
582 481 792 564 Τυρρηνικῆς
819 482 1007 564 συμμαχίας
1034 473 1111 545 άπέ-

102 585 187 663 ἃειξε
215 583 417 670 στρατηγόν·
449 589 607 653 Λατίνων
635 584 673 652 δὲ
704 585 760 652 καὶ
791 587 860 652 τῶν
890 582 1004 652 ἄλλων
1030 583 1152 670 συμ6

48 689 221 777 οιιμάχων
241 693 354 771 ἔταξεν
377 689 492 777 άρχειν
516 689 627 778 ἄνδρα
649 703 809 777 γενναῖον
828 689 890 778 μὲν
912 689 953 759 τὰ
971 692 1113 778 πολέμια

100 797 156 864 καί
179 809 321 883 φρονεῖν
342 795 382 864 τά
403 799 524 866 δέοντα
543 796 761 883 ἱκανώτατον,
781 800 878 879 ξένον
899 797 936 865 δὲ
953 798 1010 865 καὶ
1033 794 1139 864 ἄπο-ε

102 910 171 970 λιν·
194 902 359 989 Σερούϊος
381 903 470 996 αὐτῷ
494 924 744 992 προσηγορικον
763 903 872 992 όνομα
895 897 950 991 ἦν,
974 903 1115 983 Τύλλιος

102 1009 140 1076 δὲ
162 1008 199 1077 τὸ
225 1010 440 1095 συγγενικόν·
463 1002 662 1103 ᾧῬωμαῖοι
680 1008 761 1099 μετὰ
778 1009 841 1099 τὴν
858 1016 1008 1079 Λευκίου
1030 1017 1114 1097 Ταρ-

101 1120 223 1183 κυνίου
253 1115 411 1204 τελευτὴν
446 1118 639 1204 βασιλεύειν
670 1123 729 1206 τῆς
764 1117 894 1198 πόλεως
929 1118 1113 1206 ἐπέτρεψαν

102 1218 164 1290 ούκ
192 1221 295 1310 ούσης
326 1229 501 1317 Ταρκυνίῳ
529 1228 646 1310 γενεάς
673 1223 830 1313 ἄρρενος,
863 1222 1025 1312 ἀγάμενοι
1052 1223 1113 1293 τὸν

101 1327 211 1416 άυδρα
233 1333 292 1415 της
314 1355 349 1398 τε
371 1331 447 1418 περὶ
469 1328 510 1398 τά
528 1328 680 1397 πολιτικὰ
702 1331 758 1398 καὶ
780 1334 839 1417 τῆς
856 1331 932 1418 περὶ
954 1328 995 1398 τά
1016 1333 1113 1412 πολέ-
1128 1350 1154 1390 10

102 1463 161 1520 μια
184 1432 311 1523 άρετης.
339 1436 455 1521 Ιγένος
477 1434 515 1502 δὲ
537 1438 598 1504 τοῦ
626 1433 753 1524 ἀνδρὸς
779 1439 880 1503 τοῦδε
909 1437 965 1503 καὶ
987 1434 1115 1524 τροφάς

101 1543 157 1609 καὶ
179 1540 281 1627 τύχας
297 1543 353 1609 καὶ
370 1538 433 1628 την
453 1543 489 1609 ἐκ
506 1546 567 1611 τοῦ
586 1547 687 1610 θείου
704 1543 894 1628 γενομένην
911 1542 986 1626 περὶ
1010 1540 1114 1610 αὐτὸν

103 1647 318 1734 ἐπιφάνειαν,
346 1646 429 1717 ὅταν
456 1646 539 1717 κατὰ
567 1652 666 1718 τοῦτο
693 1652 842 1735 γένωμαι
869 1646 908 1716 τὸ
931 1649 1032 1738 μέρος
1052 1651 1114 1716 τού

103 1741 223 1840 λόγου,
247 1753 459 1842 διηγήσομαι.

190 1863 305 1928 LXVI.
346 1859 426 1930 Τότε
455 1859 487 1928 θ’
519 1854 598 1948 οὖν,
631 1860 744 1950 ἐπειδὴ
776 1861 1022 1950 παρεσκεύαστο
1053 1857 1113 1947 άμ-
1128 1887 1154 1929 τε

102 1969 258 2054 φοτέροις
279 1967 320 2036 τά
342 1966 426 2054 πρὸς
447 1966 508 2037 τὸν
531 1966 646 2055 άγεόνα
667 1971 850 2057 ἐπιτήδεια,
874 1967 1044 2058 συνῄεσαν
1067 1971 1115 2046 είς

46 2123 53 2138 .
102 2074 227 2162 μάχην,
250 2072 342 2161 εἶχον
366 2075 403 2143 δὲ
425 2073 463 2144 τὸ
488 2074 550 2161 μὲν
573 2074 751 2163 εύύνυμον
773 2079 872 2163 κε’ρας
894 2079 931 2144 οί
945 2073 1114 2161 Ῥωμαῖοι,

101 2180 138 2250 τὸ
171 2181 208 2249 δὲ
236 2179 348 2263 δεξιόν
377 2185 412 2248 oc
441 2186 626 2268 Τυρρηνοί,
653 2180 736 2250 κατὰ
763 2183 869 2269 μέσην
883 2180 935 2266 ,δὲ
961 2178 1024 2267 την
1051 2179 1115 2265 φά-

102 2295 209 2372 λαγγα
246 2293 389 2354 Λατῖνοι
426 2287 626 2374 ἐτάχθησαν.
685 2289 872 2380 γενομένου
909 2287 947 2355 δὲ
983 2283 1116 2373 ἀγῶνος

102 2396 264 2480 καρτεροῦ
296 2390 341 2460 δι’
368 2389 448 2479 όλης
478 2390 603 2480 ἡμέρας
635 2395 757 2462 ἐνίκων
786 2390 821 2461 οί
841 2391 998 2481 Ῥωμαῖοι
1024 2389 1114 2478 παρά
1128 2416 1155 2457 εο

102 2497 189 2566 πολύ
216 2499 272 2566 καὶ
298 2497 443 2579 πολλούς
475 2499 537 2587 μὲν
564 2489 819 2580 ἀποκτείναντες
850 2505 918 2569 τῶν
945 2502 1114 2585 πολεμίων

49 2609 145 2675 στεὲν
172 2610 212 2695 τῇ
237 2605 324 2693 μάχη
351 2607 556 2692 γενομένους
587 2605 715 2693 ἄνδρας
743 2602 911 2692 άγαθούς,
938 2608 1050 2697 πολλῷ
1079 2606 1112 2672 δ’

103 2718 151 2781 ἔτι
178 2718 314 2794 πλείους
341 2710 571 2800 αἰχμαλώτους
597 2712 758 2799 λαβόντες
785 2714 822 2781 ἐν
845 2716 885 2800 τῇ
916 2715 1023 2800 φυγῇ,
1046 2716 1114 2781 τῶν

104 2818 142 2886 δὲ
168 2822 388 2905 παρεμβολῶν
420 2816 620 2906 ἀμφοτέρων
651 2821 818 2906 ἐγκρατεῖς
848 2818 1028 2905 γενόμενοι
1059 2821 1115 2887 καὶ

103 2922 282 3011 χρημάτων
309 2927 414 3012 μέγαν
441 2924 700 3012 περιβαλόμενοι
730 2929 878 2994 πλοῦτον
911 2923 1017 3006 άὸεως
1040 2923 1113 3013 ἤδη
1128 2947 1155 2988 2⁵

103 3035 161 3118 τῆς
183 3028 357 3114 ὑπαίθρου
383 3028 492 3116 πάσης
518 3030 697 3118 ἐκράτουν,
726 3027 769 3119 ἣν
796 3032 878 3118 πυρὶ
904 3032 961 3099 καὶ
985 3031 1114 3122 σιδήρῳ

102 3140 158 3247 καί
185 3141 266 3205 πᾶσι
293 3135 526 3224 λωβησάμενοι
553 3151 683 3223 κακοῖς,
712 3136 825 3224 ἐπειδὴ
855 3136 893 3206 τὸ
923 3139 1027 3225 θέρος
1049 3139 1114 3206 ἐτε-

175 3339 189 3386 1
209 3327 371 3402 άρρόνταΒ
390 3325 514 3401 άρροντά
528 3335 553 3386 Α
621 3339 637 3386 6
656 3329 765 3395 τύλλιος
781 3332 804 3386 Β
823 3327 920 3394 τύλλος
933 3332 959 3386 R
1026 3338 1048 3386 9·
1062 3327 1114 3386 ούκ

103 3422 156 3460 om.
176 3404 199 3458 B
277 3410 311 3458 10
329 3398 500 3458 πολιτικάΒ
527 3398 665 3473 πολεμικά
685 3405 710 3458 Δ
731 3407 734 3470 Ι
754 3401 916 3472 πολέμιαΒ
941 3398 1071 3457 πολιτικά
1088 3405 1115 3458 R

103 3482 136 3530 21
156 3476 212 3529 τῶν
230 3477 372 3546 πολεμίων
385 3477 450 3544 post
470 3470 501 3530 ἐν
520 3475 553 3545 τῇ
573 3470 648 3545 μάχη
665 3474 851 3544 OpraeterB
923 3480 957 3528 22
976 3473 1025 3529 καὶ
1044 3469 1075 3529 ἐν
1088 3476 1114 3528 Α
