2454 3916
577 219 743 269 -Γ-

152 375 310 464 Ῥωμαῖοι
341 373 381 446 τὰ
414 379 563 463 σκῆπτρα
594 376 651 443 καὶ
681 372 722 444 τὰ
754 374 944 462 διαδήματα
977 378 1177 464 δωροῦνται

157 498 228 564 τοῖς
250 488 425 570 βασιλεῦσι
446 485 661 570 βεβαιοῦντες
688 479 802 562 αὐτοίς
824 479 882 562 τὰς
904 484 1072 569 ἐξουσίας,
1096 485 1224 552 ε’πεδσσ(

158 592 214 660 καὶ
236 589 281 679 μὴ
304 589 465 677 λαβόντες
487 616 525 676 γε
546 586 625 676 παρ’
651 590 790 657 ἐκείνων
814 593 950 676 ἔχουσιν
973 587 1067 658 αὐτά.

247 699 349 766 LXII
384 696 529 776 Ταύταις
550 711 623 777 ταῖς
644 708 754 784 τιμαίς
777 693 795 764 ὁ
823 694 1010 782 Ταρκύνιος
1032 694 1094 765 οάκ
1119 697 1175 766 εὖ·

130 803 224 885 ῡθδς
247 804 408 892 ἐχρήσατο
437 801 568 890 λαβών,
597 800 643 883 ὦς
670 807 705 871 oc
729 810 879 872 πλεῖστοι
904 801 1075 892 γράφουσι
1103 809 1174 873 τῶν

153 910 347 999 Ῥωμαϊκῶν
377 913 616 999 συγγραφέων,
644 907 718 977 ἀλλ’
748 905 899 990 άποδοέις
928 913 970 998 τῇ
997 937 1032 978 τε
1063 916 1173 1001 βουλῇ

157 1021 281 1109 καὶτῷ
311 1016 405 1108 δήμφ
434 1015 497 1104 τὴν
525 1016 712 1102 διάγνωσιν
741 1021 772 1085 εί
793 1019 938 1104 ληπτέον
961 1014 1063 1104 αὐτά,
1086 1020 1173 1086 ἐπει-

86 1161 87 1165 =
159 1123 201 1211 δὴ
224 1126 305 1191 πᾶσι
328 1124 550 1211 βουλομένοις
571 1115 631 1210 ἦν,
653 1122 728 1193 τότε
746 1124 968 1214 προσεδέξατο
989 1126 1046 1193 καὶ
1063 1123 1173 1194 πάντα

157 1228 218 1299 τὸν
241 1231 275 1311 ἐξ
299 1231 431 1298 ἐκείνου
449 1229 575 1316 χρόνον
600 1231 662 1309 ἕως
683 1234 732 1310 είς
752 1229 791 1298 τὸ
810 1227 919 1317 χρεὼν
943 1232 1081 1318 μετέστη
1101 1234 1172 1300 στέ-

118 1364 144 1406 ιο
159 1336 273 1424 φανόν
295 1363 330 1405 τε
353 1336 497 1425 χρύσεον
521 1335 637 1424 ἐφόρει
664 1336 720 1404 καὶ
742 1340 925 1424 πορφυρᾶν
949 1339 1077 1424 ἐσθῆτα
1098 1361 1171 1406 ποι-

158 1449 255 1531 κίλην
278 1443 459 1531 ἠμπίσχετο
482 1443 538 1511 καὶ
561 1446 730 1532 σκῆπτρον
759 1442 980 1532 ἐλεφάντινον
1008 1449 1095 1531 έχων
1118 1446 1171 1512 ἐπὶ

159 1549 294 1638 θρόνου
320 1552 493 1632 ἐκαθέζετο
522 1551 761 1637 ἐλεφαντίνου,
786 1551 842 1619 καὶ
871 1553 907 1618 οί
933 1548 1065 1619 δάδεκα
1092 1553 1172 1639 ῥαβ-

160 1661 278 1744 δοῦχοι
300 1655 380 1738 τοὺς
408 1658 554 1736 πελέκεις
581 1659 742 1744 φέροντες
771 1654 840 1744 ἅμα
862 1670 936 1738 ταῖς
958 1657 1099 1746 ῥάβδοις
1122 1662 1171 1726 δι-

157 1764 295 1846 κάζοντί
317 1791 353 1833 τε
385 1761 474 1857 αὐτῷ
505 1767 710 1850 παρίσταντο
742 1763 799 1831 καί
829 1766 1063 1851 πορευομένου
1088 1789 1170 1853 προ-

160 1875 315 1964 ηγοῦντο.
361 1860 462 1951 οὗτος
484 1867 502 1939 ὁ
526 1869 650 1957 κόσμος
668 1870 754 1950 άπας
776 1871 832 1939 καὶ
855 1885 926 1950 τοῖς
948 1869 1018 1959 μετ’
1040 1873 1171 1941 ἐκεῖνον

157 1976 219 2062 τὴν
242 1974 420 2063 βασιλικὴν
443 1974 551 2064 ἀρχὴν
580 1982 694 2064 έχουσι
716 1979 895 2066 παρέμεινε
921 1980 978 2072 καλ
1006 1979 1086 2066 μετὰ
1109 1980 1171 2067 τὴν

160 2080 301 2170 ἐκβολὴν
332 2087 401 2152 τῶν
434 2086 601 2170 βασιλέων
633 2097 704 2164 τοῖς
735 2082 806 2152 κατ’
841 2083 999 2153 ἐνιαυτὸν
1031 2083 1172 2166 ὑπάτοις

161 2193 222 2272 ἐξω
249 2194 312 2262 τοῦ
339 2189 510 2278 στεφάνου
536 2191 593 2258 καὶ
619 2194 679 2277 τῆς
705 2196 857 2277 ποικίλης
880 2192 1037 2279 ἐσθῆτος·
1066 2197 1171 2263 ταῦτα

159 2294 190 2364 δ’
217 2295 329 2366 αὐτῶν
357 2296 515 2386 άφηρέθη
544 2295 633 2384 μόνα
661 2298 803 2388 φορτικά
832 2296 977 2379 δόξαντα
1003 2296 1172 2368 εἶναικαὶ

119 2420 145 2463 20
159 2406 340 2491 ἐπίφθονα.
384 2401 473 2491 πλὴν
501 2401 585 2473 ὅταν
612 2405 648 2472 ἐκ
669 2405 819 2491 πολέμου
842 2409 942 2492 νίκην
966 2405 1223 2492 κατάγοντεςου

158 2510 332 2600 θριάμβου
354 2508 444 2599 παρὰ
467 2514 526 2598 τῆς
547 2514 673 2597 βουλῆς
696 2511 884 2597 ἀξιωθῶσι,
910 2511 987 2581 τότε
1013 2514 1069 2580 καὶ
1092 2541 1171 2601 χρυ

159 2621 346 2704 σοφοροῦσι
382 2618 438 2684 καί
474 2622 641 2697 ποικίλαις
676 2614 877 2705 ἁλουργίσιν
913 2616 1170 2707 ἀμφιέννυνται.

158 2722 175 2792 ὁ
196 2723 258 2811 μὲν
279 2715 342 2792 οὖν
361 2721 444 2814 πρὸς
461 2722 541 2804 τοὺς
565 2724 762 2812 Τυρρηνοὺς
776 2723 899 2805 συστάς
920 2732 1097 2819 Ταρκυνίῳ
1110 2727 1170 2796 πό-

158 2839 257 2918 λεμος
272 2835 327 2917 ἐτη
336 2829 511 2918 κατασχὼν
523 2832 622 2900 ἐννέα
635 2830 796 2918 τοιαύτην
806 2836 879 2919 ἐσχε
893 2831 956 2919 τὴν
966 2838 1171 2903 συντέλειαν.

118 2960 144 3002 τε
246 2939 368 3019 LXIII.
388 2936 498 3019 ΙἘνὸς
529 2937 568 3006 δὲ
598 2941 884 3026 καταλειπομένου
915 2942 977 3008 τοῦ
1008 2944 1171 3026 Σαβίνων

119 1843 140 1909 2

118 1930 144 1971 15

229 3141 246 3189 4
269 3129 385 3196 ταάταις
413 3133 509 3205 μέντοι
536 3140 598 3197 ταῖς
626 3151 648 3189 ο.
676 3133 778 3189 Reiske
858 3141 874 3190 '1
902 3129 993 3198 αὐτάς
1020 3152 1044 3191 c.
1067 3135 1170 3191 Reiske

160 3212 193 3260 10
212 3207 360 3275 ’γρυσοῦνῗ
435 3212 466 3259 11
487 3199 724 3279 <ἠ>μπ<ίσ>χετο
743 3205 766 3259 Β
785 3199 941 3294 άμφείχετο
961 3207 986 3260 A
1059 3212 1092 3261 13
1111 3212 1171 3269 τοῖς

158 3274 318 3347 βάβδοιςΔ
391 3281 424 3331 14
442 3276 674 3347 πορευομένουΒ
693 3277 917 3350 κορευομενφΒ.
989 3281 1024 3331 16
1042 3271 1170 3333 άπασιΟ

158 3364 227 3405 corr.
246 3348 383 3403 Bficheler
448 3354 480 3402 19
500 3343 575 3418 μόνα
593 3345 628 3403 τά
647 3344 810 3418 φορτικάΒ
873 3355 907 3403 22
927 3347 1087 3416 στεφάνους
1105 3369 1172 3419 γρυ-

157 3420 225 3482 τοῦς
243 3421 365 3489 φοροῦσι
383 3437 406 3475 ο.
426 3417 556 3475 Schnelle
574 3437 603 3490 p.
622 3425 656 3474 26
729 3425 764 3474 24
782 3415 834 3488 τὴν
852 3419 876 3472 Β
894 3436 948 3476 om.
967 3421 993 3474 R
1065 3424 1101 3474 25
1119 3440 1171 3474 κα·

157 3489 403 3564 ταλ<ει>πομένον
422 3489 446 3544 Β
464 3489 691 3563 καταλιπομένου
710 3493 736 3544 Α
