2454 3916
530 199 694 251 -B-

105 362 214 447 μαίων
237 355 425 445 ἀποσκευῆς
446 355 589 445 ἀμοχθεὶ
608 358 851 445 παρειληφότες
874 360 909 426 ἐκ
932 363 995 427 τοό
1014 357 1121 448 ἀσφα-

105 469 186 545 λοῦς
216 463 282 552 ἤδη
313 462 375 532 τὸν
407 461 555 551 πόλεμον
590 466 758 551 διέφερον.
810 465 933 533 πολλαὶ
961 463 1024 552 μὲν
1060 457 1120 534 οὖν

107 570 219 640 αὐτῶν
243 574 397 656 ἐγίνοντο
420 571 476 639 καὶ
500 569 557 639 διά
580 569 705 650 πολλάς
726 571 913 658 προφάσεις
936 591 1121 661 παρεστρα-

105 678 355 748 τοπεδευκότων
379 676 537 763 ἀλληλοις
560 676 606 745 δι’
633 675 751 763 ὀλίγον
773 683 890 765 πεῖραί
908 679 1018 746 τεκαὶ
1039 698 1121 767 συμ-

64 811 79 852 ιι
106 787 225 855 πλοκαὶ
259 784 336 853 οὔτε
371 783 617 871 κατορθώματα
654 783 780 871 μεγάλα
817 784 960 876 ἕκατίρφ
998 787 1123 875 φέρον-

107 912 163 960 σαι
186 896 254 961 τῶν
278 889 533 977 στρατευμάτων
558 888 635 958 οὔτε
660 889 727 974 [τά]
752 888 944 979 σφάλματα,
968 894 1123 979 μέγισται

108 998 139 1066 δ’
166 1001 202 1067 ἐκ
224 997 436 1085 παρατάξεως
459 995 554 1076 ὅλαις
575 1011 649 1076 ταῖς
681 995 846 1101 δυνάμεσι
868 996 953 1086 πρὸς
975 997 1124 1086 ἀλλήλας

68 1104 210 1192 2μάχαι
234 1105 341 1172 διτταὶ
368 1105 424 1172 καὶ
452 1103 559 1191 φόνος
587 1105 751 1190 ἑκατέρων
780 1103 892 1184 πολύς.
939 1105 1123 1193 ἑλκομένου

108 1210 150 1298 δὴ
178 1215 240 1281 τοῦ
267 1209 396 1299 χρόνον
422 1209 562 1298 γνώμην
591 1209 775 1298 ἀμφότεροι
804 1208 866 1297 τὴν
891 1207 998 1297 αὐτὴν
1024 1216 1123 1299 ἔσχον

69 1345 95 1385 ιο
109 1317 283 1407 ὁλοσχερεῖ
307 1333 420 1406 κρίναι
447 1316 508 1387 τὸν
537 1316 652 1405 ἀγῶνα
679 1317 782 1406 μάχη,
811 1318 867 1386 καὶ
895 1318 1125 1406 προελθόντες

109 1433 156 1508 είς
177 1425 215 1496 τὸ
244 1426 365 1516 μεταξὺ
391 1432 460 1496 τῶν
490 1429 724 1515 στρατοπέδων
748 1433 873 1515 χωρίον
903 1425 1068 1516 ἡγεμόνες
1090 1455 1124 1498 τε

107 1535 240 1623 ἀριστοι
270 1533 312 1603 τά
343 1537 486 1622 πολέμια
516 1536 573 1603 καὶ
606 1539 805 1622 στρατιῶται
835 1538 970 1603 πολλῶν
1001 1535 1124 1616 ἐθάδες

108 1640 252 1728 ἀγτόνων
275 1640 352 1722 ἀξια
374 1640 480 1769 λόγου
508 1641 576 1730 ἔργ’
603 1640 844 1710 ἀπεδείκνυντο
875 1639 1025 1721 ἐπιόντες
1049 1640 1124 1731 (τ’)

109 1747 267 1834 ἀλλήλοις
288 1748 344 1816 καὶ
367 1748 446 1827 τοὺς
465 1748 619 1828 ἐπιόντας
639 1748 815 1837 δεχόμενοι
833 1749 889 1816 καὶ
908 1745 977 1829 ἐξ
960 1769 1124 1839 υποστρο-

69 1844 176 1971 3φῆς
198 1860 246 1935 είς
268 1863 344 1922 ίσον
364 1848 466 1934 αὖθις
483 1855 735 1944 καθιστάμενοι.
773 1881 791 1923 ο
794 1853 861 1922 ί’δ
884 1855 1024 1923 ἐπὶτῶν
1048 1858 1124 1942 ἐρυ-

109 1961 224 2049 μάτων
248 1963 384 2041 ἑστῶτες
408 1960 594 2047 ἰσορρόπου
616 1959 779 2030 θεαταὶ’
760 1965 893 2047 αγῶνος
910 1961 966 2028 καὶ
988 1959 1168 2047 θαμινάει

111 2069 291 2156 εκατέρωσε
324 2071 584 2154 μεταπίπτοντος
619 2095 664 2159 τφ
702 2068 763 2155 μὲν
795 2071 1023 2155 κατορθοῦντι
1055 2073 1124 2137 τῶν

110 2177 281 2261 σφετέρων
306 2173 508 2241 ἐπικελεύσει
531 2200 566 2242 τε
589 2137 650 2242 καί
667 2177 858 2264 παιανισμῷ
882 2172 1011 2259 πολλὴν
1036 2176 1125 2244 ἑποί

110 2309 173 2350 ουν
204 2279 267 2368 τὴν
299 2286 347 2361 είς
378 2279 415 2349 τὸ
445 2278 595 2367 εόφυχον
622 2284 791 2366 ἐπίδοσιν,
821 2283 866 2371 τῷ
896 2278 934 2347 δὲ
960 2280 1125 2367 κάμνοντι

70 2389 166 2461 νοκαὶ
198 2392 394 2480 διωκομένφ
427 2386 557 2475 δεήσεις
593 2414 628 2457 τε
662 2388 718 2455 καὶ
751 2384 899 2475 οἰμωγάς
929 2389 1125 2475 προϊέμενοι

109 2496 255 2564 κωλυταὶ
284 2499 346 2564 τοῦ
377 2499 424 2574 είς
453 2497 548 2574 τέλος
577 2492 753 2581 ἀνάνδρου
783 2494 950 2578 ἐγίνοντο·
983 2491 1044 2581 ὑφ’
1077 2487 1125 2564 ὧν

110 2601 310 2691 ἀμφοτέρων
333 2600 561 2689 ἠναγκάζοντο
585 2600 640 2667 καὶ
663 2597 752 2686 παρά
774 2598 922 2686 δύναμιν
940 2597 1125 2687 ὑπομένειν

109 2707 150 2776 τά
165 2707 270 2776 δεινά.
298 2711 431 2794 ἐκείνην
445 2707 507 2796 μὲν
523 2699 585 2775 οὖν
599 2705 661 2792 τὴν
681 2703 808 2792 ἡμέραν
824 2703 912 2773 οὕτω
932 2708 1125 2793 διενέγκαν-

110 2841 164 2894 τες
182 2812 385 2901 ἀγχωμάλως
405 2813 468 2900 την
487 2814 608 2901 μάχην,
623 2811 763 2891 σκότους
782 2809 882 2891 όντος
899 2810 964 2899 ἤδη
983 2811 1125 2902 ἀσμενοι

71 2951 97 2991 ει
112 2926 159 3002 είς
181 2918 259 3000 τοὺς
283 2924 428 2998 οίκείονς
451 2918 599 3006 ἑκάτεροι
623 2916 769 3006 χάρακας
792 2915 1058 3004 ἀπηλλάσσοντο.

113 3236 115 3241 .
182 3180 284 3242 ὅοότε
307 3180 342 3238 τά
368 3201 391 3238 ο.
413 3184 570 3238 Ambrosoh
651 3191 667 3240 6
690 3178 725 3238 τά
752 3183 775 3238 Ο
804 3183 858 3240 del.
884 3185 1007 3239 Reudler
1032 3187 1123 3244 Tiroc.

111 3278 139 3329 p.
159 3265 192 3313 23
257 3250 855 3345 9δηΚ1εεε11οδδΟγάρο.ΑωδεοεοΙι
920 3261 953 3310 13
972 3255 1123 3340 *ἔργαθλ

112 3329 352 3403 <ἐ>πιδείκννντο
370 3327 393 3380 Β
413 3330 418 3396 !
443 3274 628 3388 *ἀπιόντεςτ
661 3327 760 3396 scripsi
779 3321 908 3388 ἐπιόντες
932 3346 962 3381 τε
982 3328 1126 3402 Kiessling

112 3401 157 3455 Pr.
172 3403 233 3456 Bas.
233 3419 275 3487 p.
291 3407 306 3456 7
378 3403 411 3452 14
430 3392 596 3466 ἀλλήλοιςκ.
611 3419 635 3452 τ.
655 3393 788 3460 ἐπιόντας
807 3415 860 3453 om.
876 3398 937 3467 Aa,
957 3399 1022 3457 add
1041 3404 1126 3473 Amg

115 3478 146 3525 19
166 3467 327 3543 καμόντιΒ
