2454 3916
499 229 666 279 ..Γ-

72 376 173 465 ούτος
200 383 218 453 ὁ
247 383 335 471 ἀνήρ
361 382 508 464 πολλοὺς
540 386 780 471 συνδιενέγκας
807 381 964 476 Ῥωμύλῳ
991 387 1088 454 πολέ-
1185 370 1191 378 ’

70 519 158 579 μους
188 493 244 560 καὶ
277 490 403 579 μεγάλα
437 496 517 578 ἔργα
550 489 811 578 ἀποδειξάμενος
842 493 880 559 ἐν
907 505 980 570 ταῖς
1005 489 1089 580 πρὸς

70 602 246 684 Σαβίνους
268 597 402 685 μάχαις,
426 595 636 684 ἀποθνήσκει
659 597 851 692 καταλιπδιν
869 600 1007 666 παιδίον
1031 624 1088 685 μο-

69 703 208 791 νογενὲς
243 705 299 773 καὶ
335 691 497 791 θάπτεται
538 702 622 791 πρὸς
657 708 726 774 τῶν
762 706 929 792 βασιλέων
967 706 1005 772 ἐν
1041 708 1087 796 τῷ

70 816 235 902 κρατίστῳ
271 813 329 898 τής
370 809 496 899 ἀγοράς
531 810 623 902 τόπῳ
665 811 787 898 στήλης
823 813 990 900 ἐπιγραφῇ
1026 808 1115 898 τήνε

24 915 201 1007 ιοοάρετήν
219 917 455 1008 μαρτυρούσης
478 916 644 999 ἀξιωθείς.
686 921 722 986 ἐκ
743 918 784 1021 δὲ.
803 921 864 988 τού
883 921 1089 1006 μονογενοῦς
1108 923 1128 986 3

71 1022 194 1105 παιδὸς
226 1029 274 1105 είς
303 1021 450 1111 ἀνδρας·
470 1023 680 1113 ἀφικομένου
710 1027 766 1094 καὶ
798 1023 908 1113 γάμον
941 1026 1087 1112 ἐπιφανῆ

72 1130 238 1219 λαβόντος
268 1128 343 1211 υίὸς
373 1137 502 1224 γίνεται
524 1131 666 1212 Τύλλος
697 1129 858 1212 Ὁστίλιος
889 1129 976 1219 ἀνὴρ
1009 1135 1088 1220 δρα-

73 1238 225 1324 στήριος,
253 1232 289 1318 ὃς
325 1235 509 1326 ἀπεδείχθη
542 1235 699 1324 βασιλευς
735 1237 838 1329 φήφςο
870 1265 905 1307 τε
936 1241 1088 1327 πολιτική

36 1330 42 1342 ’
73 1347 287 1432 διενεχθείσῃ
314 1345 390 1430 περὶ
418 1341 523 1413 αύτού
549 1340 632 1413 κατά
654 1344 782 1473 νόμους
809 1345 948 1412 καὶτοῦ
973 1347 1129 1431 δαιμο-ιο

72 1456 153 1519 νίου
97 1448 218 1517 ί’δι
241 1453 375 1518 οἰωνῶν
395 1454 468 1518 αίσί
431 1457 515 1518 σίων
534 1448 854 1538 ἐπικυρώσαντος
821 1475 862 1518 τα
880 1448 1087 1531 δόξαντα
1042 1476 1087 1541 τρι

73 1554 178 1647 δήμῳ.
224 1562 297 1636 ἐτος
320 1548 400 1624 δέ
380 1583 424 1643 ην
448 1548 534 1626 ἐν
508 1584 534 1648 φ
559 1555 621 1643 τήν
651 1553 835 1643 ἡγεμονίαν
858 1554 1083 1644 παρέλαβεν
1069 1582 1087 1624 ο

33 1688 38 1696 ’
73 1661 230 1752 δεύτερος
252 1661 406 1742 ἐνιαυτὸς
431 1666 490 1750 τῆς
513 1662 659 1751 ἑβδόμης
675 1664 731 1731 καὶ
754 1667 904 1750 εἰκοστῆς
927 1661 1088 1749 ὀλυμπιά-

74 1772 146 1854 δος,
168 1765 212 1855 ἣν
232 1771 325 1838 ἐνίκα
345 1768 484 1837 στάδιον
504 1767 704 1858 Εὐρυβάτης
723 1767 904 1857 Ἀθηναῖος
926 1767 1089 1858 ἀρχοντος

39 1903 43 1909 ·
72 1873 283 1963 <Ἀθήνησι>
300 1876 530 1964 Λεωστράτου.
572 1866 671 1956 οὗτος
689 1880 790 1965 ἔργον
813 1873 972 1945 ἁπάντων
991 1850 1129 1978 μετα-ἑ

70 1982 341 2074 λοπρεπέστατον
373 1978 634 2070 ἀποδειξάμενος
670 1979 771 2062 αὐτὸς
807 1979 911 2063 εὐθὺς
942 1979 1011 2070 ἀμα
1041 1986 1087 2076 τῷ

71 2092 280 2176 παραλαβεῖν
307 2085 369 2175 τήν
398 2085 507 2175 ἀρχήν
534 2085 624 2158 άπαν
651 2086 689 2157 τὸ
717 2086 861 2175 θητικὸν
887 2093 949 2158 τού
978 2088 1089 2176 δήμου

71 2196 129 2265 καὶ
148 2193 278 2283 ἀπορον
298 2198 422 2263 οἰκεῖον
438 2199 543 2282 ἔσχεν.
579 2185 623 2281 ἦν
638 2195 676 2263 δέ
691 2192 841 2264 τοιόνδε·
863 2194 977 2284 χώραν
996 2193 1088 2283 εἶχον
1198 2248 1201 2253 «

71 2304 242 2389 ἐξαίρετον
266 2304 302 2369 oc
307 2298 385 2389 πρὸ
409 2298 514 2369 αύτού
538 2306 687 2387 βασιλεῖς
709 2299 839 2387 πολλὴν
861 2301 917 2370 καί
940 2300 1088 2388 ἀγαθήν,

71 2410 105 2491 ἐξ
124 2400 165 2495 ἧς
182 2406 422 2499 ἀναιρούμενοι
440 2405 498 2487 τάς
510 2406 701 2496 προσόδους
719 2405 791 2493 ίερά
809 2433 844 2476 τε
862 2416 957 2487 θοοῖς
976 2409 1082 2476 ἐπετέ·
1097 2441 1124 2482 20

70 2523 157 2584 λονν
178 2515 235 2583 καί
257 2513 316 2594 τὰς
338 2518 385 2594 είς
406 2512 466 2583 τὸν
489 2517 578 2583 ἴδιον
593 2518 683 2599 βίον
710 2512 890 2601 ἀφθόνους
913 2511 1005 2599 εἶχον
1029 2511 1083 2581 εύ-

68 2626 205 2710 πορίας,
232 2617 275 2708 ἣν
299 2619 457 2707 ἐκτήσατο
480 2619 541 2707 μὲν
559 2607 728 2708 Ῥωμύλος
751 2621 884 2710 πολέμφ
906 2618 986 2698 τοὺς
1008 2617 1086 2688 τότε

67 2727 294 2814 κατασχόντας
320 2724 551 2814 ἀφελ(’·μενος,.
565 2729 698 2795 ἐκείνου
721 2725 760 2795 δὲ
785 2724 927 2806 ἀπαιδος
949 2724 1079 2794 ἀποθα-

67 2833 191 2914 νόντος
217 2837 406 2920 Πομπίλιος
434 2830 596 2920 Νόμας’
581 2860 599 2901 ο
627 2831 697 2920 μετ’
724 2836 854 2903 ἐκεινου
881 2832 1081 2920 βασιλεύσας
1177 2846 1182 2856 ’

49 2943 269 3030 ἐκαρποῦτο·
304 2931 348 3025 ἦν
376 2938 414 3006 δέ
442 2937 552 3008 ούκὲτι
580 2942 726 3069 δημρσία
753 2943 881 3027 κτήσις,
905 2937 991 3008 ἀλλά
1014 2944 1083 3009 τῶν
1099 2971 1125 3012 τε

24 3045 131 3119 ίοκάεὶ
149 3047 317 3132 βασιλέων
334 3049 465 3218 κλῆρος.
505 3045 631 3132 ταύτην
650 3043 668 3113 ὁ
699 3046 826 3126 Τύλλος
844 3049 1000 3137 ἐπέτρεψε
1018 3052 1128 3126 τοϊςῖ)

144 3281 160 3331 8
180 3270 314 3338 ὃστίλλιος
332 3276 385 3329 AB
464 3281 498 3330 10
521 3276 681 3362 διενεχθεὶς
700 3279 725 3331 Α
803 3282 837 3331 15
858 3272 988 3347 Ἀθήνησι
1008 3275 1087 3331 addi-

70 3349 115 3404 dit
128 3346 270 3417 Kiessling
286 3349 291 3416 1
306 3342 474 3436 λεοστράτου
488 3347 512 3400 Β
528 3350 532 3414 Ι
548 3342 663 3402 πάντων
678 3347 701 3402 Ο
780 3353 813 3404 16
825 3344 1087 3433 μεγαλοπρεπέστα-

71 3440 122 3475 τον
140 3420 163 3473 Β
182 3416 477 3489 μεηαλοπρεπέστερον
490 3419 516 3472 R
532 3424 537 3486 1
553 3413 768 3489 ἐπιδειξάμενος
781 3419 827 3474 Bb
900 3424 933 3472 22
953 3413 1015 3472 τότε
1032 3417 1086 3474 del

73 3489 164 3546 Cobet
178 3488 242 3544 obs.
257 3507 284 3559 p.
300 3493 334 3544 55
399 3494 435 3543 24
455 3484 565 3546 ἐκείνου
584 3490 608 3544 A
629 3484 748 3544 ἐκείνων
766 3491 813 3544 Ba
866 3494 901 3544 26
919 3487 1029 3552 τύλλιος
1041 3490 1088 3546 Ba
