2454 3916
528 219 690 273 -B-

101 375 249 464 λόμενον
272 376 376 447 αὐτὸν
400 381 630 461 ἐπιδείξασθαι
657 393 728 460 τοῖς
755 378 954 450 ἀπιστοῦσιν
978 383 1117 469 ἐναργές

100 510 135 551 τι
162 482 300 572 μήνυμα
326 488 385 571 τῆς
411 483 495 573 πρὸς
525 484 588 572 τῆν
621 489 766 572 δαίμονα
796 484 927 575 ὁμιλίας
956 487 1036 577 [καί]
1067 491 1117 556 δι-

103 592 273 678 δαχθέντα
305 588 362 659 ὑπ’
397 589 501 678 αὐτῆς
531 596 669 680 ποιῆσαι
701 593 795 661 τάδε·
826 595 1012 663 καλέσαντα
1039 592 1157 665 ‘Pan-6

101 703 213 785 μαίων
235 697 381 778 πολλοὺς
398 699 454 766 καί
472 695 625 784 ἀγαθούς
644 703 691 778 είς
710 696 773 786 τῆν
793 704 914 787 οίκίαν,
934 703 971 770 ἐν
990 691 1011 790 ῆ
1032 704 1116 768 διαι-

100 802 251 891 τώμενος
273 803 469 892 ἐτύγχανεν,
497 810 607 873 ἔπειτα
636 807 790 887 δείξαντα
816 821 887 886 τοῖς
910 810 1051 875 ἐλθοῦσι
1072 805 1139 875 τάῠ

102 914 206 979 ἔνδον
233 914 273 1001 τῆ
303 938 338 979 τε
367 909 452 1000 άλλη
481 917 667 1003 κατασκευῇ
698 912 836 1000 φαύλως
866 916 1116 1002 κεχορηγημένα

100 1018 159 1085 καὶ
179 1015 220 1104 δῆ
238 1019 377 1086 καὶτῶν
396 1023 444 1098 είς
462 1013 611 1088 ἑστίασιν
626 1018 763 1108 ὀχλικὴν
778 1024 976 1109 ἐπιτηδείων
995 1021 1117 1108 ἄπορα,

101 1125 178 1192 τότε
210 1123 272 1212 μὲν
308 1122 576 1194 ἀπαλλάττεσθαι
612 1126 778 1222 κελεύειν,
815 1134 863 1209 είς
900 1129 1042 1218 ἑσπέραν
1080 1127 1118 1196 δὲ

46 1239 223 1299 365καλεῖν
254 1229 377 1312 αὐτοὺς
409 1234 462 1301 ἐπὶ
494 1230 532 1301 τὸ
571 1237 725 1303 δεῖπνον·
760 1237 1048 1323 παραγενομένοις
1080 1234 1156 1303 δδί

100 1335 185 1406 κατά
216 1335 279 1424 τῆν
315 1336 578 1426 ἀποδειχθεῖσαν
615 1338 708 1428 ω’ραν
745 1341 904 1422 ἐπιδεῖξαι
941 1340 1117 1429 στρωμνάς
1132 1363 1158 1401 10

99 1471 137 1513 τε
159 1452 350 1524 πολυτελεῖς
372 1446 429 1513 καὶ
446 1449 607 1535 τραπέζας
630 1445 832 1534 ἐκπωμάτων
851 1445 1018 1533 γεμούσας
1035 1456 1115 1515 πολ-

101 1555 172 1619 λῶν
195 1551 252 1619 καί
277 1554 390 1619 καλῶν
414 1553 563 1620 ἑστίασίν
590 1577 626 1620 τε
649 1549 765 1631 αὐτοῖς
790 1561 995 1641 παραθεῖναι
1018 1579 1116 1622 κατα-

100 1665 271 1726 κλιθεῖσιν
309 1655 439 1743 ἁπάσης
476 1661 619 1746 ἐδωδῆς,
651 1654 695 1745 ῆν
728 1655 801 1727 οὐδ’
837 1655 880 1727 διν
917 1662 953 1728 έκ
989 1665 1117 1728 πολλοῦ

100 1763 194 1833 πάνυ
217 1765 344 1852 χρόνου
367 1764 693 1852 παρασκευάσασθαί
711 1793 780 1834 τινι
796 1770 866 1835 των
888 1765 963 1835 τότε
982 1763 1117 1854 ἄνθρω-

100 1895 177 1939 πων
196 1871 317 1962 ῥηίδιον
336 1863 389 1959 ῆν.
429 1886 500 1951 τοῖς
519 1870 556 1938 δὲ
569 1869 744 1959 Ῥωμαίοις
761 1872 963 1960 κατάπληξίν
981 1901 1016 1943 τε
1034 1874 1118 1963 πρὸς
1132 1893 1157 1933 15

102 1978 243 2046 ἕκαστον
270 1981 339 2046 των
368 1976 552 2066 ὁρωμένων
579 1975 742 2048 ὑπελθεῖν
769 1980 826 2047 καί
853 1979 956 2062 δόξαν
979 1982 1012 2062 ἐξ
1037 1983 1117 2049 ἑκεί-

101 2111 168 2153 νου
185 2087 247 2152 τού
265 2084 393 2173 χρόνον
411 2089 621 2173 παραστῆναι
639 2087 789 2173 βέβαιον,
804 2083 855 2154 ὅτι
873 2086 939 2153 θεά
957 2113 1007 2166 τις
1025 2085 1117 2179 αὐτῷ

102 2196 250 2279 συνῆν,

192 2301 275 2366 LXI.
310 2303 354 2365 Οί
379 2298 417 2366 δὲ
438 2295 479 2366 τά
502 2299 647 2385 μυθώδη
670 2298 778 2367 πάντα
804 2302 1056 2387 περιαιροῦντες
1082 2301 1119 2367 έκ

101 2408 162 2491 τῆς
194 2408 342 2493 ἱστορίας
372 2404 566 2474 πεπλάσθαι
597 2407 703 2492 φασὶν
734 2402 800 2473 ὑπὸ
831 2409 893 2473 τοῦ
922 2403 1024 2492 Νόμα
1055 2404 1116 2473 τὸν
1131 2424 1157 2464 2⁰

101 2512 179 2600 περὶ
201 2515 260 2599 τῆς
280 2510 433 2600 Ἠγερίας
455 2511 576 2598 λόγον,
603 2515 661 2580 ἵνα
684 2514 768 2603 ῥῆον
792 2509 881 2604 αὐτῷ
906 2513 1116 2600 προσέχωσιν

103 2622 139 2687 οί
159 2615 201 2686 τά
219 2627 297 2686 θεῖα
322 2618 469 2700 δεδιότες
491 2619 547 2687 καί
564 2617 750 2708 προθύμως
773 2619 936 2705 δέχωνται
957 2616 1037 2698 τοὺς
1057 2616 1114 2688 ὑπ’

102 2721 209 2793 αύτού
236 2726 437 2811 τιθεμένους
463 2723 607 2812 νόμους,
635 2720 681 2804 ὡς
707 2721 797 2814 παρά
824 2726 917 2792 θεῶν
944 2729 1115 2813 κομιζομέ·

102 2858 195 2910 νους.
239 2836 356 2918 λαβεῖν
380 2829 418 2898 δὲ
441 2829 544 2899 αὐτὸν
572 2830 634 2917 τῆν
656 2830 786 2900 τούτων
810 2837 950 2920 μίμησιν
972 2830 1117 2920 άποφαί-
1136 2833 1157 2897 2

101 2956 225 3006 νουσιν
258 2941 293 3006 ἐκ
324 2941 394 3006 τῶν
417 2935 625 3025 Ἑλληνικῶν
642 2939 936 3026 παραδειγμάτων
969 2940 1117 3028 ζηλωτῆν
1132 2965 1158 3006 ιο

101 3043 290 3131 γενόμενον
312 3048 371 3131 τῆς
393 3070 428 3112 τε
447 3050 549 3113 Μίνω
571 3048 633 3113 τοῦ
652 3043 787 3133 Κρητὸς
808 3046 863 3114 καὶ
885 3050 945 3134 τῆς
964 3046 1116 3135 Λυκούρ-

101 3179 167 3238 γου
194 3154 256 3219 τοῦ
280 3154 553 3238 Λακεδαιμονίου
581 3161 715 3239 σοφίας·
748 3143 796 3220 ὧν
825 3149 843 3220 ὁ
868 3152 930 3241 μέν
958 3151 1117 3241 ὁμιλητὴς

176 3346 261 3401 ,ῖκαλ
279 3347 333 3400 del.
353 3347 456 3400 Reiske
533 3342 599 3401 9τό
619 3347 673 3404 del.
693 3346 780 3403 Cobet
799 3347 863 3403 Obs.
883 3366 911 3418 p.
926 3354 959 3403 52
1034 3354 1066 3402 16
1087 3345 1117 3415 ἐξ

102 3434 157 3473 om.
177 3416 230 3471 AB
314 3424 346 3472 17
370 3418 549 3487 παραστῆσαι
572 3418 624 3472 ΑΒ
705 3425 739 3473 21
758 3413 917 3488 ῆγερίαςΑ
999 3425 1032 3473 22
1052 3418 1117 3474 Ῥω-

102 3495 184 3561 μαῖοι
203 3484 238 3542 τά
258 3505 281 3542 υ.
300 3489 442 3559 Kiessling
461 3485 496 3543 τά
516 3489 570 3546 del.
589 3490 695 3559 Kayser
713 3491 785 3545 Ann.
803 3489 873 3560 phil.
895 3494 962 3545 1861
982 3508 1009 3559 p.
1029 3496 1045 3545 5

157 3598 256 3639 onm.
268 3598 333 3639 HA».
353 3599 373 3640 1.
385 3607 425 3638 ιο,
439 3596 540 3640 mour,
924 3584 956 3633 16
