2454 3916
525 250 690 304 ..Α-
1095 253 1115 316 3

96 412 154 480 καὶ
176 415 291 496 πρῶτα
320 409 524 498 θεωρήματα
548 422 616 490 τοῖς
643 413 824 497 ἱστορικοῖς
851 408 1016 478 εἶναικαὶ
1039 418 1116 479 πολ·
1163 464 1166 469 -

97 516 163 603 λήν
200 516 427 604 ποιησάμενος
464 515 665 603 ἀμφοτέρων
702 518 890 604 ἐπιμέλειαν
924 514 1001 584 οὔτε
1033 541 1115 603 παρ-

97 633 214 693 ελθεῖν
227 623 289 692 τὸν
302 621 387 709 ὑπὲρ
402 619 515 691 αὐτῶν
529 621 633 708 λόγον
653 622 857 710 ἐβουλήθην,
872 622 948 692 οὔτε
968 624 1004 690 ἐν
1025 622 1114 713 άλλμ

97 731 165 799 τινὶ
198 729 289 820 τόπῳ
322 735 546 817 καταχωρίσαι
579 732 708 816 μάλλον
735 725 756 816 ή
786 733 831 821 τῷ
859 735 1024 819 προοιμίῳ
1056 733 1115 816 τής

96 841 331 924 πραγματείας.
1128 875 1141 914 5

163 945 228 1031 {IL
255 941 325 1030 Τήν
348 942 411 1030 μὲν
435 933 498 1010 οὖν
520 939 685 1010 ἀπόθεσιν
709 940 760 1010 ότι
783 941 889 1030 καλήν
913 950 1035 1030 είληφα
1058 943 1114 1010 καὶ

96 1037 331 1137 μεγαλοπρεπῆ
355 1048 410 1116 καλ
433 1057 571 1129 πολλοῖς
593 1047 766 1136 ῶφίλιμον
794 1046 836 1118 οὐ
859 1053 996 1137 μακρῶν
1021 1047 1114 1137 οἶμαι

63 1155 234 1243 σδεήσειν
265 1160 377 1240 λόγων
408 1165 479 1235 τοίς
507 1182 545 1241 γε
573 1154 616 1242 δή
650 1152 693 1242 μή
726 1155 938 1224 παντάπασιν
971 1154 1114 1243 ἀπείρως

96 1267 213 1350 ἔχουσι
235 1265 294 1348 τής
315 1265 433 1348 κοινής
454 1264 610 1348 ίοτορίας.
651 1267 682 1329 εί
699 1261 764 1350 γάρ
788 1288 838 1343 τις
857 1261 1033 1349 ἐπιστήσας
1050 1264 1113 1350 τήν
1134 1329 1138 1333 .

96 1368 255 1437 διάνοιαν
279 1366 332 1434 ἐπὶ
354 1366 412 1446 τάς
434 1370 709 1455 παραδεδομένας
736 1371 772 1436 ἐκ
799 1372 860 1436 τοῦ
882 1367 1113 1455 παρεληλυθό-
1127 1400 1154 1438 ιο

93 1502 151 1555 τος
178 1473 307 1562 χρόνον
334 1473 465 1543 πόλεάν
492 1500 527 1541 τε
554 1474 610 1541 καὶ
638 1475 753 1542 ἐθνῶν
779 1471 974 1561 ἡγεμονίας,
1003 1479 1113 1542 ἔπειτα

94 1581 199 1669 χωρὶς
230 1581 373 1666 ἑκάστην
407 1584 542 1649 σκοπῶν
573 1582 630 1647 καὶ
661 1580 740 1668 παρ’
772 1579 917 1667 ἀλλήλας
931 1580 1112 1662 νἐξετάζων

96 1690 284 1773 διαγνῶναι
308 1692 509 1774 βουληθείη,
537 1693 587 1766 τίς
614 1684 726 1755 αὐτῶν
754 1685 862 1774 ἀρχήν
891 1713 926 1755 τε
954 1693 1131 1775 μεγίστην,

95 1793 256 1880 ἐκτήσατο
279 1795 335 1860 καλ
362 1793 498 1882 πράξεις
524 1790 717 1874 ἀπεδείξατο
747 1793 979 1880 λαμπροτάτας
1007 1796 1044 1862 ἐν
1068 1797 1112 1860 εί-

94 1899 182 1988 ρήνη
206 1925 241 1968 τε
262 1902 318 1967 καί
340 1898 422 1968 κατά
445 1901 625 1987 πολέμους,
653 1904 767 1991 μακρῷ
799 1899 841 1987 δή
865 1925 931 1967 τιυι
954 1898 1016 1986 τήν
1034 1897 1109 1967 Ῥω-
1125 1929 1152 1969 15

94 2012 207 2094 μαίων
228 2003 413 2094 ήγεμονίαν
436 2003 566 2086 άπάσας
594 2003 890 2094 ὑπερβεβλημένην
915 2003 1031 2087 όψεται
1054 2005 1112 2087 τάς

94 2112 159 2201 πρό
184 2109 288 2198 αὐτῆς
309 2114 622 2201 μνημονευομένας,
650 2111 692 2180 οά
719 2112 830 2200 μόνον
851 2111 994 2181 κατὰτὸ
1019 2115 1111 2201 μίγε-

94 2228 159 2300 θος
181 2223 240 2306 τής
263 2217 365 2307 ἀρχῆς
387 2220 443 2287 καὶ
471 2221 554 2286 κατά
576 2217 613 2287 τὸ
643 2219 766 2300 κάλλος
788 2224 857 2287 τῶν
880 2218 1048 2309 πράξεων,
1072 2216 1111 2300 ἀς

96 2324 189 2395 οὕτω
212 2324 394 2412 κεκόσμηκε
422 2325 523 2413 λόγος
550 2324 661 2405 οὐδεὶς
685 2323 800 2410 ἀξίως,
831 2323 915 2393 ἀλλά
943 2326 999 2392 καὶ
1026 2323 1109 2393 κατά

94 2430 133 2500 τὸ
156 2435 261 2519 μήκος
283 2435 344 2500 τοῦ
367 2431 622 2521 περιειληφότος
649 2430 756 2519 αὐτήν
781 2430 909 2518 χρόνον
933 2432 1028 2518 μέχρι
1051 2435 1110 2516 τῆς
1124 2463 1151 2502 εο

94 2539 173 2606 καθ’
195 2535 281 2625 ήμᾶς
298 2534 437 2623 ήλικίας.
452 2529 459 2615 λ
477 2535 497 2625 ή
517 2537 579 2626 μὲν
596 2536 661 2624 γάρ
677 2536 862 2624 Ἀσσυρίων
881 2533 965 2624 ἀρχή
985 2536 1109 2604 παλαιά
1128 2544 1150 2608 2

64 2664 143 2725 στις
167 2635 254 2713 οὖσα
281 2644 337 2712 καὶ
365 2649 412 2724 είς
439 2643 520 2724 τοὺς
549 2643 715 2732 μυθικοὺς
743 2641 933 2731 ἀναγομένη
965 2643 1110 2732 χρόνους

96 2744 213 2838 ὀλίγον
236 2749 327 2830 τινὸς
349 2750 510 2839 ἐκράτησε
537 2755 596 2838 τής
615 2749 726 2832 Ἀσίας
750 2753 882 2838 μέρους.
928 2747 948 2837 ἡ
973 2751 1011 2819 δέ
1034 2759 1107 2836 Μη-
1208 2750 1211 2755 ’

96 2856 170 2945 δική
203 2860 396 2926 καθελοῦσα
433 2857 496 2944 τήν
526 2855 710 2945 Ἀσσυρίων
747 2859 803 2925 καὶ
839 2862 974 2945 μείζονα
1008 2862 1108 2925 δυνα-

64 2969 208 3033 τστείαν
229 2967 474 3053 περιβαλομένη
497 2964 624 3052 χρόνον
647 2965 688 3034 οά
712 2963 821 3034 πολὺν
844 2967 1012 3051 κατέσχεν,
1036 2959 1104 3031 ἀλλ’
1122 2995 1148 3034 25

95 3071 146 3139 ἐπὶ
178 3074 237 3158 τής
268 3070 425 3159 τετάρτης
456 3071 625 3158 κατελύθη
657 3076 781 3158 γενεάς.
841 3072 972 3156 Πέρσαι
1005 3069 1042 3136 δὲ
1076 3072 1110 3136 οί

164 3302 399 3371 4καταγωρῆσαι
413 3301 461 3356 AB
527 3308 558 3356 12
577 3298 794 3371 παραλλήλαςΒ
851 3306 884 3354 14
904 3298 1068 3364 ἐπεδείξατο
1082 3298 1108 3351 Α

96 3378 127 3427 19
145 3367 228 3438 άξιος
242 3372 284 3427 Ba
346 3375 473 3460 21qt231
492 3367 690 3455 &avom-Ba·
749 3378 783 3426 25
802 3369 1025 3443 περιβαλλομένη
1041 3369 1108 3423 ABa

95 3441 359 3570 λῖρόβαλλμάλλάλ
372 3445 579 3568 λίλτέσλῗίιλ.
591 3443 959 3582 λῗθῗλλλλξιλῐῶάὲιάῗ
1020 3445 1055 3494 ²⁶
1074 3436 1106 3493 δὲ

910 3599 946 3653 1*
