2454 3916
541 218 706 271 ..Β-

116 381 280 468 έπχνεῖτο,
303 385 485 447 συνελθεῖν
508 377 667 458 κελεύσας
694 376 753 459 τὰς
775 391 936 465 γυναῖκας
963 375 1042 447 όσαι
1068 382 1129 448 τοῦ

114 513 148 556 τε
168 484 398 573 Ἀντεμνατῶν
421 485 477 553 καὶ
499 489 561 555 τού
583 488 793 555 Καινινιτῶν
821 484 1006 573 ἐτύγχανον
1031 477 1130 555 ούσαι

61 593 254 680 31ογένονς,
286 588 497 679 ἡρπασμέναι
535 591 573 660 δὲ
610 588 678 678 ἅμα
714 603 787 670 ταῖς
822 589 954 677 άλλαις,
984 592 1054 660 ἐπεὶ
1091 590 1130 660 δὲ

115 701 292 788 συνῆλθον
329 695 585 788 ὀλοφυρόμεναί
617 725 655 767 τε
688 699 744 767 καὶ
774 697 1037 787 προκυλιόμεναι
1073 690 1130 766 καὶ

115 803 173 885 τὰς
194 809 263 873 τῶν
286 808 459 892 πατρίδων
483 803 726 874 ἀνακλαίουσαι
749 804 865 894 τύχας,
888 807 1035 893 ἐπισχεῖν
1058 808 1129 873 τῶν
1155 825 1169 866 ⁵

117 909 277 999 ὀδυρμῶν
312 912 367 980 καί
405 916 571 999 σιωπῆσαι
607 912 766 993 κελεύσας
804 914 904 993 ἔλεξε·
954 918 1031 991 Τοῖς
1067 911 1170 999 μδν3

116 1017 288 1107 ὑμετέροις
310 1019 454 1107 πατράσι
477 1020 532 1088 καί
556 1017 718 1106 ἀδελφοῖς
742 1020 798 1088 καὶ
822 1016 917 1100 ὅλαις
939 1032 1011 1099 ταῖς
1033 1017 1130 1087 πόλε-

118 1145 172 1194 σιν
196 1123 292 1214 ὑμῶν
315 1122 446 1194 ἅπαντα
469 1124 509 1193 τὰ
534 1124 629 1195 δεινά
653 1124 823 1214 ὀφείλεται
841 1135 976 1212 παθεῖν,
1000 1124 1052 1195 ὅτι
1070 1125 1130 1194 πό-

116 1240 219 1320 λεμον
243 1229 318 1300 άντί
342 1237 456 1319 φιλίας
485 1230 561 1301 οὕτε
588 1231 773 1319 ἀναγκαῖον
802 1231 880 1302 ούτε
908 1231 1013 1301 καλὸν
1041 1231 1130 1301 άνεί

117 1346 230 1408 λοντο·
267 1335 361 1425 ἡμεῖς
397 1337 435 1406 δὲ
466 1342 601 1407 πολλῶν
636 1341 750 1407 ἕνεκεν
786 1337 978 1426 ἐγνώκαμεν
1014 1344 1130 1428 μετρία
1144 1368 1172 1408 ιο

117 1445 308 1534 χρήσασθαι
345 1445 462 1533 γνῶμὴ
502 1444 587 1533 πρὸς
627 1442 749 1525 αὐτοὺς
789 1448 882 1514 θεῶν
922 1471 958 1514 τε
993 1447 1130 1532 νέμεσιν

117 1549 333 1640 ὑφορώμενοι
359 1549 421 1639 τὴν
450 1549 553 1621 άπασι
580 1566 652 1632 τοῖς
682 1549 882 1642 ὑπερόγκοις
910 1554 1130 1639 ἐνισταμένην

116 1659 171 1726 καί
194 1655 389 1746 ἀνθρώπων
413 1657 551 1744 φθόνον
575 1657 723 1739 δεδιότες
746 1657 841 1750 ἔλεόν
868 1684 903 1727 τε
925 1661 1052 1726 κοινῶν
1074 1684 1130 1726 κα-

116 1768 186 1833 κῶν
211 1761 252 1832 ού
275 1762 395 1854 μικρὸν
416 1769 539 1854 ἔρανον
562 1762 650 1833 εἶναι
669 1771 871 1853 νομίζοντες,
890 1760 934 1845 ῶς
951 1761 1015 1833 κάν
1035 1763 1134 1834 αὐτοί

116 1894 196 1940 ποτε
216 1875 278 1939 τοὺ
298 1868 377 1957 παρ’
400 1871 523 1958 ἑτέρων
545 1872 734 1958 δεηθέντες,
753 1869 834 1958 ὑμῖν
852 1897 888 1940 τε
908 1869 948 1939 ού
971 1884 1132 1959 μεμπταῖς
1146 1902 1173 1940 ιε

118 1975 346 2065 ὑπαρχούσαις
377 1979 472 2064 μέχρι
504 1981 605 2046 τοῦδε
632 1980 708 2066 περὶ
735 1975 814 2057 τοὺς
842 1979 972 2048 ἑαυτῶν
1004 1975 1132 2066 άνδρας

119 2082 160 2152 οὑ
183 2081 306 2172 μικράν
331 2082 483 2170 οἰόμενοι
506 2084 630 2173 ταύτην
656 2090 794 2154 ἔσεσθαι
822 2083 923 2172 τιμὴν
945 2084 1000 2153 καὶ
1023 2083 1132 2172 χάριν.

117 2195 279 2278 παρίεμεν
308 2181 371 2258 οὖν
400 2187 514 2271 αὑτοῖς
543 2189 605 2278 τὴν
632 2188 808 2280 ἁμαρτάδα
834 2190 961 2278 ταύτην
991 2189 1174 2278 άζὴμιον4

118 2298 174 2365 καὶ
198 2295 275 2365 οὔτε
298 2299 497 2385 ἐλευθερίαν
521 2296 597 2366 ούτε
619 2302 738 2384 κτὴσιν
762 2295 835 2366 οὔτ’
855 2295 937 2365 ἄλλο
960 2299 1029 2364 τῶν
1052 2295 1131 2383 ἀγα-

119 2407 204 2471 θῶν
220 2401 323 2471 οὐδὲν
345 2402 424 2483 τοὺς
442 2409 579 2484 πολίτας
595 2401 692 2491 ὑμῶν
712 2401 959 2490 ἀφαιρούμεθα.
996 2404 1131 2491 ἐφίεμεν
1145 2433 1173 2473 νο

66 2510 163 2579 311δὲ
185 2522 256 2590 τοῖς
277 2536 313 2578 τε
341 2511 455 2597 μένειν
483 2511 695 2597 γλιχομένοις
719 2512 787 2579 ἐκεῖ
811 2511 867 2578 καὶ
890 2522 960 2590 τοῖς
983 2509 1132 2596 μετενέγ-

118 2627 245 2686 κασθαι
276 2619 498 2704 βουλομένοις
529 2615 588 2697 τὰς
615 2616 761 2705 οἰκήσεις
791 2614 979 2686 άκίνδυνόν
1010 2643 1045 2684 τε
1078 2617 1133 2684 καὶ

119 2721 367 2811 ἀμεταμέλητον
390 2721 453 2810 τὴν
477 2726 616 2810 αἵρεσιν.
661 2727 723 2792 τοῦ
748 2722 785 2792 δὲ
808 2722 915 2810 μηδὲν
939 2727 988 2792 έτι
1011 2720 1134 2803 αὐτοὺς

120 2831 355 2918 ἐπεξαμαρτεῖν
379 2829 457 2918 μηδ’
480 2829 668 2919 εὑρεθῆναί
687 2857 720 2899 τι
737 2834 859 2918 χρὴμα,
883 2826 901 2899 δ
923 2829 1056 2918 ποιὴσει
1074 2827 1135 2910 τὰς

119 2936 233 3016 πόλεις
256 2936 484 3006 διαλύσασθαι
506 2935 568 3025 τὴν
590 2934 674 3023 πρὸς
692 2934 781 3023 ἡμᾶς
804 2941 934 3022 φιλίαν,
953 2935 1132 3024 φάρμακον
1147 2965 1175 3005 25

120 3041 296 3131 ἡγούμεθα
318 3043 497 3130 κράτιστον
520 3041 608 3112 εῖναι
630 3042 715 3130 πρὸς
738 3041 896 3125 εὐδοξίαν
918 3069 953 3112 τε
975 3041 1134 3131 καὶπρὸς

175 3209 189 3258 1
207 3207 356 3258 συνελθεῖν
370 3197 539 3267 κελεύσαςΒ
558 3221 581 3258 σ
592 3223 646 3290 γαρ
660 3207 716 3259 κελ.
726 3205 751 3258 R
788 3203 849 3259 λεί.
859 3222 886 3273 p.
892 3209 954 3274 202,
961 3209 994 3258 10
1040 3209 1055 3256 3
1072 3197 1135 3256 ἐπεὶ

122 3273 154 3330 δὲ
173 3272 317 3378 Kiessling
346 3271 489 3343 έπειδὴΟ
520 3270 671 3344 ἐπειδὴδὲ
696 3291 718 3329 ο.
742 3275 881 3330 Bucheler
957 3280 973 3328 8
997 3270 1133 3358 πόρταΟ

123 3352 157 3401 10
175 3343 328 3401 *ἕνεκαΟ
404 3351 437 3399 14
456 3346 563 3431 μικρῶν
581 3347 627 3402 Ba
651 3348 656 3417 Ι
680 3339 736 3400 κάν
754 3345 894 3415 Kiessling
912 3337 1048 3398 καὶΟ
1031 3363 1067 3396 αν
1085 3345 1135 3396 καὶ

121 3417 260 3502 Bfipheler
339 3423 373 3474 20
392 3411 582 3502 άφελρόμεθα
610 3433 633 3472 ο.
658 3415 746 3472 Cobet
775 3416 839 3472 Obs.
848 3434 894 3485 ..p
917 3420 951 3469 47
1032 3419 1067 3468 26
1086 3414 1135 3467 καὶ

123 3483 193 3555 πρὸς
211 3482 370 3555 ἀσφάλειαν
389 3488 412 3541 Β
430 3481 502 3555 πρὸς
520 3504 575 3544 om.
593 3489 619 3543 R
