2454 3916
442 239 609 291 ..A-

36 396 45 422 '
74 400 112 466 ἐν
141 396 225 488 αὐτῇ
253 389 515 485 πολιτευόμενον
543 401 675 484 πλῆθος
701 394 722 484 ἡ
750 400 944 466 καθελοῦσα
970 395 1033 484 την

36 504 225 592 ητρόπολιν
248 502 429 587 ὑπεδέξατο
447 502 566 591 Ῥώμη.
598 502 683 573 ἀλλὰ
696 509 800 573 ταῦτα
818 503 880 591 μέν
904 506 941 573 ἐν
963 517 1035 585 τοϊς

36 614 233 699 ινουμένοις
260 610 397 698 χρόνοις
424 613 571 698 ἐγένετο,
599 608 699 698 ἡνίκα
728 609 765 678 δὲ
794 608 927 702 ᾠκίζετο
949 609 1034 698 πρὸς

36 745 88 807 ρει
110 720 168 787 καλ
190 723 293 807 λίμνη
315 717 567 804 κατεσκευάσθη
590 717 628 787 τὸ
653 719 756 805 μέσον
784 719 949 804 ἐπέχουσα
972 715 1032 805 άμ·

36 839 115 911 οἴν,
145 828 201 894 καί
237 817 280 912 ἦν
311 825 421 914 ὥσπερ
456 829 548 912 τείχη
576 829 634 912 τῆς
665 824 794 904 πόλεως
819 828 924 894 ταῦτα
952 828 1059 892 δυσ-ε

36 941 149 1001 λωτον
173 931 279 1019 αὐτὴν
302 936 474 1002 ποιοῦντα.
505 931 544 1001 τό
559 959 593 1000 τε
608 930 672 1021 γάρ
696 931 776 1021 ὅρος
789 934 827 1001 ἐν
849 945 919 1011 τοϊς
941 930 1033 999 πάνυ

36 1037 145 1126 χυρόν
172 1064 207 1106 τε
234 1039 290 1105 καί
317 1036 451 1124 ὑψηλόν
480 1039 571 1106 ἐστιν
593 1036 616 1124 η’
638 1064 673 1105 τε
701 1043 802 1125 λίμνη
829 1044 954 1125 βαθεῖα
975 1039 1032 1106 καί

36 1144 159 1232 εγάλη,
186 1146 242 1212 καί
266 1142 371 1232 αὐτὴν
401 1143 457 1213 διὰ
480 1144 665 1214 κλισιάδων
688 1143 923 1233 ἀνοιγομένων
950 1142 1032 1214 ὑπο-

36 1255 146 1339 έχεται
178 1250 216 1320 τὸ
247 1256 367 1320 πεδίον
398 1253 652 1339 ταμιευομένων
685 1248 813 1320 ὁπόσον
848 1249 1032 1337 βούλονται

36 1362 82 1427 ὄν
106 1356 302 1447 ἀνθρώπων
324 1358 363 1428 τὸ
377 1358 481 1448 ὕδωρ.
517 1356 689 1428 ὑπόκειται
709 1357 747 1426 δὲ
764 1361 804 1446 τῇ
822 1356 919 1426 πόλει
932 1360 1032 1425 πεδία

36 1463 196 1552 αυμαστά
219 1465 281 1553 μέν
305 1470 403 1552 ίδεϊν,
425 1464 572 1534 πλούσια
596 1464 633 1533 δὲ
655 1464 712 1532 καὶ
736 1471 853 1544 οίνους
874 1465 930 1531 καί
952 1491 1032 1552 καρ-

36 1571 98 1652 οὺς
123 1573 306 1659 ἐξενεγκεῖν
334 1571 571 1652 παντοδαποὺς
593 1573 649 1640 καί
673 1569 775 1640 οὐδὲν
799 1573 1032 1659 ἐνδεεστέρους

36 1684 73 1767 ἧς
95 1677 200 1765 άλλης
219 1677 375 1766 Ἰταλίας,
405 1679 548 1767 μάλιστα
580 1678 617 1747 δὲ
646 1677 707 1747 τὸν
729 1676 941 1765 καλούμενον
961 1676 1031 1745 Ἀλ-

36 1785 125 1855 ανδν
158 1784 255 1854 οἶνον
287 1783 376 1872 ἡδὺν
402 1787 459 1854 καὶ
490 1784 611 1871 καλόν,
649 1787 709 1866 ἔξω
744 1787 805 1853 τοῦ
840 1789 1032 1872 Φαλερίνου

36 1895 202 1982 εγομένον
223 1896 292 1961 των
314 1895 401 1978 γοῦν
424 1890 537 1960 άλλων
560 1888 719 1959 ἁπάντων
744 1889 1008 1979 διαφορώτατον.
1046 1915 1072 1956 15

82 2002 217 2069 LXVII.
245 1997 302 2067 Ἐν
326 1998 364 2067 δὲ
386 2003 426 2087 τῇ
449 2003 553 2067 κτίσει
575 2003 634 2085 τῆς
655 1998 784 2078 πόλεως
805 2001 923 2086 θαῦμα
941 2003 1032 2086 μέγι-

36 2127 96 2176 Ιτον
120 2108 250 2193 λέγεται
272 2107 443 2192 γενέσθαι.
488 2107 819 2185 κατασκευασθέντος
844 2120 915 2185 τοῖς
942 2107 1033 2174 ἕδεσι

36 2219 82 2283 εἶν
105 2218 212 2299 θεῶν,
237 2209 296 2293 οὓς
315 2216 454 2293 Αἰνείας
477 2214 513 2280 ἐκ
534 2216 594 2300 τῆς
611 2212 770 2300 Τρωάδος
791 2211 953 2299 ἠνέγκατο
975 2213 1032 2280 καί

36 2323 225 2408 αθίδρυσεν
260 2321 297 2387 ἐν
329 2322 375 2410 τῷ
404 2323 593 2410 Λαουϊνίῳ,
625 2322 712 2387 ναοῦ
744 2323 869 2406 χωρίον
897 2323 1033 2405 ἐχοντος

36 2433 143 2515 βατον
170 2428 226 2494 καί
253 2429 322 2495 τῶν
351 2425 546 2514 ίδρυμάτων
574 2428 610 2494 ἐκ
638 2429 700 2495 τοῦ
723 2430 913 2494 Λαουϊνίου
935 2450 1031 2512 μετα·
1045 2457 1071 2497 ιο

36 2536 249 2623 ομισθέντων
274 2535 324 2617 [ἐκ
343 2536 404 2601 τοῦ
419 2532 499 2618 νεω]
524 2538 571 2613 είς
592 2536 714 2602 τοῦτον
737 2531 798 2602 τὸν
821 2530 942 2620 μυχόν,
964 2528 1030 2600 ὑπὸ

36 2640 74 2730 ην
99 2643 262 2710 ἐπιοῦσαν
285 2639 390 2708 νύκτα
412 2642 655 2727 κεκλεισμένων
677 2666 712 2708 τε
735 2635 779 2719 ὡς
801 2639 944 2727 μάλιστα
961 2641 1030 2706 των

36 2751 135 2834 υρῶν
167 2747 223 2814 καί
256 2743 359 2814 οὐδὲν
390 2745 575 2815 παθόντων
613 2744 690 2815 οὔτε
726 2745 917 2834 περιβόλων
954 2744 1031 2815 οὔτε

36 2856 153 2943 ροφῶν
187 2856 411 2939 διαμείψαντα
441 2851 482 2922 τὰ
509 2854 610 2941 βρέτη
642 2852 705 2940 τὴν
733 2852 853 2922 στάσιν
880 2856 934 2922 ἐπὶ
961 2857 1030 2922 τῶν

1050 1330 1071 1394 3

1046 1419 1072 1458 10

85 3007 269 3082 ἀάπέχουσα
287 3013 340 3067 ΑΒ
423 3020 438 3068 7
463 3007 569 3099 ὀχυρόν
587 3033 614 3068 τι
631 3014 685 3068 ΑΒ
769 3020 802 3069 10
820 3015 907 3069 πεδία
926 3031 980 3070 om.
1006 3015 1029 3068 B

36 3090 47 3139 l
75 3083 127 3139 καί
155 3085 250 3146 οίνονς
271 3084 344 3139 ΑΒο
371 3083 420 3138 καί
447 3079 574 3210 καρποὺς
599 3084 622 3137 Β
644 3103 698 3156 mg
714 3081 853 3210 ἐκαρποὺς
880 3080 982 3147 ἄλλους
1005 3102 1029 3140 ο.

36 3157 123 3225 'synar
140 3153 210 3209 Ann.
229 3153 299 3240 phil.
321 3161 436 3226 1863p.
456 3162 472 3210 9
498 3158 502 3224 Ι
529 3151 690 3242 ἐξενεγκεῖν
714 3151 862 3225 ἐπιτήδεια
886 3174 909 3211 ο.
927 3156 1029 3211 Βείελςε

36 3222 208 3308 ξενεχκεῖνί
206 3221 281 3279 κανά
299 3227 436 3281 Bucheler
509 3233 542 3280 12
561 3221 733 3283 οὕδένωνσ
751 3228 852 3283 Reiske
922 3233 956 3281 14
974 3246 1029 3294 φα-

36 3297 116 3366 ερνοῦ
135 3296 181 3349 Ba,
253 3302 286 3350 1⁷
304 3297 598 3353 κατασκευασθέντων
611 3300 638 3352 Α
709 3304 744 3352 20
762 3295 1029 3378 μετακομισθέντων

36 3369 98 3438 λαις
115 3386 149 3421 κο
171 3364 311 3421 τεθέντων
324 3370 350 3422 A
418 3374 450 3423 21
467 3365 500 3424 ἐκ
513 3369 564 3424 τοῦ
578 3363 633 3424 νεά
650 3370 732 3440 (ναοῦ
747 3369 781 3439 Β)
794 3370 826 3439 Ο
840 3368 895 3425 del.
907 3365 1030 3420 Schmitz

37 3439 119 3493 ατοῦ
155 3432 315 3494 κεῑνειδο
334 3439 436 3494 Reiske
462 3442 466 3510 1
491 3435 693 3503 δπδΒείςΒ
766 3446 800 3494 22
818 3458 849 3493 τε
868 3457 907 3500 τις
924 3435 1028 3492 Βειιλτο

36 3505 126 3571 ε’ωςΟ
199 3514 235 3563 24
253 3504 368 3581 δρόμων
385 3512 411 3564 A
