2454 3916
432 1199 449 1224 ²-
469 1131 775 1262 danninum.

184 1491 332 1575 Spatium
359 1489 479 1575 viginti
508 1486 649 1573 quinque
678 1509 836 1553 annorum
865 1507 967 1571 prope
991 1487 1041 1551 est
1064 1484 1127 1550 ela·

112 1619 222 1682 psum,
245 1602 422 1682 postquam
440 1594 612 1678 Adelphus
631 1593 851 1678 Kiesalingiue
875 1591 1009 1678 Dionysi
1033 1590 1126 1657 Hali·

115 1702 318 1768 earnasensia
336 1702 571 1786 antiquitatum
591 1721 800 1766 romanarum
819 1700 969 1765 volumen
983 1699 1127 1784 primum

114 1810 150 1874 in
175 1810 281 1875 lucam
309 1808 419 1874 edidit.
466 1807 528 1885 Qui
554 1811 666 1872 tamen
693 1807 738 1871 sit
764 1806 902 1891 fautum,
933 1810 970 1872 ut
992 1806 1042 1870 vir
1069 1805 1126 1870 ille

118 1915 331 1994 clarissimus,
363 1915 452 1981 euius
484 1915 602 1979 merita
628 1913 663 1978 in
685 1912 879 1997 Dionysium
903 1934 1030 1978 summa
1054 1933 1126 1977 esse

114 2023 202 2086 inter
224 2043 335 2087 omnes
359 2024 497 2106 oonatat,
519 2021 603 2086 hano
626 2020 800 2085 editionem
825 2019 961 2085 alteram
984 2041 1051 2084 non
1073 2040 1128 2084 ou-

115 2127 251 2212 raverit,
275 2129 338 2194 hoc
365 2132 437 2193 loeo
461 2149 619 2211 exponere
642 2128 783 2193 alienum
806 2125 933 2192 videtur
963 2148 1042 2192 ease.
1088 2125 1127 2190 Id

114 2256 217 2299 unum
244 2233 344 2320 igitur
366 2256 619 2300 commemorare
641 2233 722 2299 mihi
744 2234 854 2314 liceat,
881 2255 955 2298 oum
979 2236 1055 2298 anta
1078 2232 1126 2296 bi-

116 2340 248 2404 ennium
280 2340 491 2407 aTeubnero
519 2341 714 2425 appellarer,
746 2345 783 2405 ut
804 2361 923 2405 novam
951 2337 1127 2404 editionem

114 2445 258 2530 Dionysi
281 2445 512 2531 antiquitatum
536 2467 596 2532 ego
619 2467 780 2530 pararem,
802 2466 841 2509 ea
864 2466 946 2528 quae
968 2443 1127 2508 Kiosslin-

114 2553 190 2638 gius
213 2553 254 2624 ad
276 2553 429 2619 volumen
450 2554 592 2638 primum
620 2552 779 2617 edendum
802 2550 995 2617 contulisset
1027 2572 1047 2614 a
1077 2550 1126 2615 bi·

114 2658 262 2742 bliopola
289 2659 534 2743 honestissimo,
562 2659 651 2724 ouius
679 2660 715 2723 in
737 2657 888 2723 manibus
911 2661 1016 2742 erant,
1043 2657 1128 2722 mihi

115 2787 186 2831 esee
208 2764 341 2831 tradita.
380 2764 441 2831 His
464 2787 542 2831 vero
565 2765 719 2830 subsidiis
742 2765 927 2849 multisque,
950 2754 1032 2848 quae
1055 2765 1128 2848 ipae

115 2892 235 2957 magno
262 2872 376 2937 labora
400 2871 531 2957 collegi,
563 2872 741 2937 instructus
765 2870 807 2936 ad
829 2871 930 2937 libros
954 2872 1024 2936 eiua
1049 2870 1127 2935 ecri-

114 2979 219 3062 ptoria
238 2979 379 3045 edendos
399 2999 573 3065 aggressus
593 3001 674 3060 aum,
698 2979 748 3044 eui
767 2998 900 3062 operam
920 2976 1126 3060 studiumque
1206 3052 1208 3056 ⁸

115 3085 237 3150 multos
262 3106 365 3150 annos
388 3085 558 3150 navabam.
588 3085 641 3150 Ad
664 3084 858 3169 Dionysium
882 3088 991 3150 autem
1014 3088 1052 3148 ut
1074 3104 1127 3148 me
1195 3095 1202 3104 '

115 3191 312 3276 applicarem
349 3191 413 3255 fuit
450 3191 529 3256 olim
567 3196 680 3257 auctor
710 3189 893 3256 Fridericus
926 3189 1126 3255 Ritaohelius

114 3301 308 3383 praeceptor
337 3295 419 3361 mihi
443 3297 642 3382 carissimus,
670 3318 776 3380 aquo
800 3297 907 3381 primo
932 3295 1028 3360 simul
1053 3316 1125 3359 aum

115 3405 300 3472 Athanasio
319 3401 495 3468 Ambrosio
520 3404 560 3469 ab
584 3403 697 3470 inferia
721 3408 758 3468 ut
780 3404 828 3467 ita
845 3403 950 3467 dinam
972 3402 1035 3467 hoo
1058 3402 1127 3484 qui·

928 3502 966 3559 a*
