2454 3916
550 231 715 284 -B-

126 387 218 475 θμδν
243 387 352 474 ὄντες,
383 386 492 477 ὥσπερ
512 394 614 477 ἔφην,
638 390 890 477 διενεμήθησαν
913 395 961 470 είς
985 389 1149 470 δεκάδας·

121 499 237 564 ἔπειτα
271 495 581 584 διακληρωσάμενοι
614 512 685 577 τοῖς
716 502 857 567 λαλοῦσι
890 500 970 567 δέκα
998 497 1150 581 πρώτοις

126 599 304 672 άπέδωκαν
335 601 451 692 άρχειν
483 607 542 690 τής
572 603 700 683 πόλεως
730 602 794 691 τήν
822 601 1053 694 αὐτοκράτορα
1087 600 1149 692 ἆρ-

86 709 199 797 2χήν.
245 711 367 778 ἐκεῖνοι
391 707 422 776 δ’
450 706 511 797 ούχ
535 708 602 798 ἅμα
625 710 746 790 πάντες
770 713 985 799 ἐβασίλευον,
1008 706 1083 778 ἄλλ’
1110 713 1149 779 ἐκ

87 842 100 883 ε
128 820 287 905 διαδοχῆς
309 814 434 904 ἡμέρας
451 818 549 884 πέντε
568 819 715 902 ἕκαστος,
739 819 777 885 ἐν
796 818 847 898 αἷς
862 818 923 898 τάς
939 844 976 886 τε
995 816 1151 906 ῥάβδους

128 921 193 1009 εἶχε
223 926 280 991 καὶ
311 921 352 991 τὰ
384 921 483 991 λοιπά
510 927 569 1010 τῆς
596 927 771 1011 βασιλικῆς
798 926 951 1005 ἐξουσίας
981 923 1149 1011 σύμβολα.

66 1107 69 1112 ,
127 1032 313 1116 παρεδίδου
342 1027 372 1096 δ’
399 1028 417 1098 ὁ
446 1034 577 1119 πρῶτος
605 1030 707 1119 άρξας
733 1035 779 1123 τῷ
808 1033 953 1122 δευτέρῳ
982 1029 1045 1118 τήν
1069 1028 1149 1118 ἡγε-

128 1143 251 1223 μονίαν
274 1133 427 1217 κάκεῖνος
448 1142 493 1229 τῷ
512 1144 612 1230 τρίτῳ
631 1139 687 1206 καὶ
705 1135 797 1206 τοῦτ’
820 1141 948 1225 ἐγένετο
968 1139 1064 1225 μέχρι
1082 1141 1149 1206 τοῦ

127 1249 328 1312 τελευταίου.
365 1244 604 1332 διεξελθούσης
629 1245 666 1313 δὲ
684 1259 755 1325 τοῖς
773 1244 918 1333 πράτοις
937 1246 1016 1312 δέκα
1035 1248 1149 1329 [βασι-

88 1375 115 1415 10
129 1354 236 1435 λεύσι]
260 1355 319 1439 τῆς
345 1354 666 1440 πεντηκονθημέρου
693 1359 904 1439 προθεσμίας
934 1353 1040 1439 ἕτεροι
1064 1352 1149 1419 δέκα

15 1479 17 1483 ’
128 1455 190 1544 τήν
227 1457 334 1546 ἀρχὴν
371 1458 632 1547 παρελάμβανον
665 1459 722 1526 καὶ
757 1456 836 1546 παρ’
867 1461 1006 1528 ἐκείνων
1042 1450 1150 1538 αὖθις

89 1561 110 1626 3
129 1561 234 1633 άλλοι.
276 1567 346 1634 ἐπεὶ
365 1564 396 1633 δ’
415 1569 507 1648 ἔδοξε
524 1565 681 1658 τῷδήμῳ
698 1569 825 1634 παῦσαι
842 1564 901 1645 τὰς
920 1568 1202 1653 δεκαδαρχίας358

129 1667 308 1763 ἀχθομένῳ
331 1687 404 1752 ταῖς
427 1678 626 1759 μεταβολαῖς
647 1676 717 1741 τῶν
739 1673 902 1753 ἐξουσιῶν
922 1669 979 1739 διά
1002 1669 1041 1738 τὸ
1065 1671 1151 1759 μήτε

129 1780 339 1866 προαιρέσεις
360 1776 510 1859 ἅπαντας
537 1776 656 1866 ὁμοίας
682 1784 770 1866 ἐχειν
800 1777 881 1866 μήτε
909 1778 1042 1865 φύσεις,
1071 1778 1151 1848 τότε

90 1907 116 1949 15
132 1882 173 1970 δή
203 1887 468 1970 συγκαλέσαντες
499 1891 547 1965 είς
578 1888 755 1973 ἐκκλησίαν
781 1884 820 1955 τὸ
848 1890 978 1972 πλῆθος
1007 1887 1042 1952 oc
1067 1891 1152 1972 βου-

131 1994 244 2059 λευταὶ
272 1988 355 2060 κατά
383 1991 493 2078 φυλάς
523 2019 559 2062 τε
586 1995 642 2061 καὶ
669 1992 822 2082 φράτρας
850 1990 1039 2060 ἀπέδωκαν
1057 1989 1151 2084 αὐτῷ

130 2097 206 2184 περὶ
229 2101 290 2167 τοῦ
317 2097 446 2186 κόσμου
473 2103 532 2186 τῆς
554 2106 722 2180 πολιτείας
752 2112 904 2184 σκοπεῖν,
927 2107 993 2166 είτε
1015 2103 1154 2184 βασιλεῖ

130 2202 288 2290 βούλεται
314 2203 355 2272 τά
382 2204 485 2294 κοινά
508 2208 694 2295 ἐπιτρέπειν
720 2216 786 2275 είτε
814 2204 931 2294 ἀρχαῖς
953 2207 1152 2286 ἐνιαυσίοις.

94 2309 172 2379 4ού
195 2310 261 2399 μὴν
286 2310 306 2380 ὅ
328 2338 366 2399 γε
388 2316 496 2400 δήμος
518 2311 572 2402 ἐφ’
599 2312 705 2405 ἐαυτῷ
733 2310 795 2400 τήν
823 2316 955 2400 αἵρεσιν
979 2313 1152 2400 ἐποίησεν,

90 2442 118 2485 ιο
131 2415 204 2486 ἄλλ’
234 2418 386 2488 ἀπέδωκε
423 2433 494 2500 τοῖς
528 2426 728 2508 βουλευταῖς
763 2418 825 2506 τήν
863 2417 1066 2505 διάγνωσιν,
1106 2417 1153 2501 ὥς

130 2522 313 2613 ἀγαπήσων
337 2524 503 2615 ὁποτέραν
526 2522 571 2594 δν
589 2529 712 2595 ἐκεῖνοι
733 2524 940 2612 δοκιμάσωσι
963 2528 1032 2594 τῶν
1055 2535 1152 2595 πολι-

130 2636 243 2700 τειῶν·
275 2647 346 2712 τοῖς
374 2632 411 2700 δὲ
438 2632 616 2720 βασιλικήν
646 2632 708 2719 μὲν
737 2630 846 2701 ἐδόκει
873 2629 1153 2718 καταστήσασθαι

130 2746 300 2808 πολιτείαν
324 2736 439 2825 ἅπασι,
460 2741 537 2827 περὶ
557 2739 595 2807 δὲ
616 2742 679 2808 τοῦ
698 2741 878 2826 μέλλοντος
899 2735 1015 2825 άρξειν
1032 2738 1152 2820 στάσις

132 2846 305 2915 ἐνέπιπτεν
333 2848 367 2928 ἐξ
396 2844 557 2934 ὁποτέρας
586 2851 677 2914 ἔσται
704 2845 835 2927 τάξεως.
883 2847 918 2913 οί
938 2844 999 2932 μὲν
1022 2843 1088 2935 γὰρ
1114 2849 1150 2915 ἐκ

91 2955 202 3032 τιτῶν
233 2951 383 3040 άρχαίων
414 2955 609 3040 βουλευτῶν
645 2951 753 3045 ᾤοντο
791 2955 865 3019 δεῖν
901 2949 1150 3039 ἀποδειχθῆναι

131 3057 192 3127 τὸν
216 3058 497 3147 ἐπιτροπεύσοντα
520 3058 583 3146 τήν
604 3059 721 3146 πόλιν,
745 3061 780 3127 οί
802 3057 833 3125 δ’
855 3061 891 3128 ἐκ
913 3062 981 3127 τῶν
1004 3056 1149 3149 ὕστερον

133 3168 415 3253 ἐπεισαχθέντων,
439 3162 500 3246 ούς
522 3167 708 3253 νεωτέρους
729 3163 883 3234 ἐκάλουν.

163 3357 166 3362 ’
205 3370 222 3417 4
242 3358 274 3418 ἐκ
292 3379 346 3417 om.
365 3362 412 3417 Ba
492 3367 508 3416 9
529 3361 673 3435 βασιλεύοι
691 3360 746 3414 del.
765 3361 911 3427 Bfleheler‚
933 3361 1151 3432 μεσοβασιλεύσι

133 3419 156 3490 ο.
175 3433 278 3489 Βεὶελιο
352 3439 384 3488 12
405 3430 468 3488 ἐπεὶ
486 3427 514 3488 δ’
534 3431 638 3488 Reiske
657 3429 756 3486 ἔπειτα
771 3431 793 3486 O
811 3435 815 3500 Ι
832 3432 1022 3501 δεκαδαρχίας
1039 3431 1064 3487 Β
1087 3436 1151 3489 δεκ-

134 3507 268 3576 αρχιάςΒ
323 3512 355 3560 19
372 3499 421 3574 ἐφ’
436 3499 539 3560 ἕαυτού
555 3503 697 3573 Kiessling
710 3503 872 3558 dubitanter
931 3509 965 3558 24
984 3497 1038 3573 γάρ
1057 3506 1152 3560 om.B
