2454 3916
558 229 725 279 -Γ..

133 386 189 453 καλ
213 383 342 473 <άλλα>
366 383 472 453 πολλὰ
496 383 666 471 ἐπιτῆθεια
689 383 875 471 λαμβάνειν
899 385 935 451 έιι
957 387 1017 470 τῆς
1039 382 1151 470 χώρας

135 490 197 559 ούκ
230 495 295 560 ἐῶν
328 498 376 572 είς
406 490 535 580 πολλὴν
567 493 767 578 κατέστησεν
799 489 959 559 ἁπάντων
988 488 1151 577 ἀπορίαν·

135 595 213 666 ὥστ’
231 595 498 685 ἠναγκάσθησαν
513 597 719 685 φυλάξαντες
736 598 842 666 νύκτα
861 599 1030 685 χειμέριον
1045 594 1151 664 ύθασι

133 705 189 771 καλ
217 702 329 795 ἀνέμῳ
358 718 481 792 φυγεῖν
510 707 655 790 αἰσχρῶς
687 704 723 771 ἐκ
749 707 811 772 τού
843 701 988 789 χάρακος
1015 709 1150 770 καταλι-

107 808 254 889 επόντες
277 810 314 878 ἐν
343 808 431 901 αύτῷ
459 810 501 879 τά
528 836 563 878 τε
592 807 755 895 ὑποζύγια
781 810 838 877 καλ
864 806 924 889 τάς
947 807 1072 896 σκηνάς
1094 810 1151 877 καλ

133 913 213 994 τούς
234 922 439 1005 τραυματίας
456 918 512 984 καλ
535 915 598 1002 τῆν
621 921 669 996 είς
689 914 749 985 τὸν
768 914 917 1003 πόλεμον
934 913 1151 1004 παρασκευὴν

94 1024 116 1089 3
135 1019 277 1090 ἀπασαν.
318 1026 358 1110 τῆ
383 1021 413 1089 θ’
436 1023 511 1110 ἑξῆς
533 1019 640 1112 ῆμέρηι
664 1021 833 1109 μαθόντες
855 1025 891 1090 οί
907 1020 1064 1109 Ῥωμαῖοι
1082 1020 1200 1108 τῆνετο

134 1127 281 1213 ἀπαρσιν
310 1126 423 1196 αὐτῶν
450 1129 506 1196 καὶ
534 1128 714 1215 γενόμενοι
745 1132 806 1197 τοῦ
833 1127 979 1217 χάρακος
1006 1126 1152 1215 ἀμαχητὶ

134 1233 246 1319 κύριοι
275 1232 400 1320 σκηνάς
429 1233 491 1320 μέν
518 1236 574 1303 καὶ
603 1232 768 1321 ὑποζύγια
795 1235 851 1303 καλ
882 1234 1033 1324 χρῆματα
1056 1233 1152 1321 διῆρ-

96 1369 123 1409 10
137 1359 259 1427 τασαν,
277 1339 357 1420 τούς
375 1341 413 1409 δὲ
431 1341 662 1429 αἰχμαλώτους
675 1339 861 1428 ἀπάγοντες
879 1345 926 1421 είς
943 1340 1006 1428 τῆν
1020 1338 1152 1426 Ῥώμην

135 1445 354 1532 ἀνέστρεψαν.
392 1439 492 1527 οὗτος
511 1444 528 1516 ὁ
548 1447 693 1535 πόλεμος
712 1453 767 1534 έτη
786 1450 884 1517 πέντε
903 1449 1048 1534 διέμεινε
1072 1466 1152 1513 συν-

135 1556 219 1639 εχῶς
244 1552 509 1640 πολεμούμενος,
538 1555 576 1621 έν
604 1545 630 1645 ᾧ
654 1557 719 1639 γῆν
749 1551 934 1640 ἀμφότεροι
961 1552 1024 1640 τῆν
1053 1550 1152 1639 ἀλλῆ-

136 1666 206 1727 λων
234 1663 445 1746 πορθοῦντες
471 1660 527 1726 παλ
560 1657 666 1745 μάχας
699 1656 825 1738 πολλάς
851 1658 1008 1739 ἐλάττους
1033 1685 1069 1726 τε
1096 1658 1152 1724 καλ

137 1769 269 1851 μείζους
291 1763 477 1851 μαχόμενοι
496 1766 697 1849 διετέλεσαν,
716 1761 815 1850 ὀλίγα
833 1765 895 1852 μέν
917 1790 994 1832 τινα
1012 1765 1152 1832 παλτῶν
1201 1782 1206 1789 ·

97 1899 123 1939 ιτ
137 1875 300 1956 Σαβίνων
329 1869 563 1957 εὐτυχούντων
585 1873 622 1938 έν
645 1885 716 1950 τοῖς
744 1869 868 1957 ἀγῶσι,
891 1868 931 1939 τά
955 1869 994 1938 δὲ
1014 1878 1153 1938 πλεῖστα

132 1973 320 2061 Ῥωμαίων·
358 1979 395 2044 έν
429 1975 466 2043 δὲ
502 1979 543 2064 τῆ
575 1980 748 2065 τελευταίᾳ
786 1974 873 2064 μάχη
908 1978 1003 2056 τέλος
1034 1981 1154 2062 ἔλαβεν

98 2079 325 2170 4ὁλοσχερές.
377 2086 524 2167 Σαβῖνοι
552 2079 616 2168 γάρ
644 2079 706 2169 ούχ
740 2079 784 2162 ὡς
815 2081 981 2170 πρότερον
1012 2084 1049 2150 ἐκ
1082 2087 1155 2150 θια-

141 2191 253 2275 θοχῆς,
276 2186 349 2257 ἀλλ’
371 2187 439 2276 ἅμα
462 2187 585 2268 πάντες
608 2191 643 2255 οί
663 2187 907 2276 στρατεύσιμον
930 2193 1062 2275 ἔχοντες
1084 2185 1155 2275 ῆλι-

140 2299 218 2362 αίαν
241 2297 388 2383 ἐξῆλθον
416 2295 469 2362 ἐπὶ
499 2291 560 2362 τὸν
582 2292 748 2381 πόλεμον,
767 2292 927 2381 Ῥωμαῖοί
946 2321 981 2363 τε
1004 2293 1155 2382 σύμπαν-

101 2429 128 2470 εο
141 2426 195 2480 τες
216 2398 275 2479 τάς
298 2405 456 2468 Λατίνων
479 2400 535 2467 καλ
558 2404 745 2487 Τυρρηνῶν
766 2401 822 2468 καὶ
845 2404 913 2469 τῶν
936 2399 1049 2469 ἀλλων
1073 2420 1156 2488 συμ

140 2504 257 2594 μάχαν
290 2506 453 2594 δυνάμεις
484 2504 735 2593 παραλαβόντες
767 2506 917 2594 έχεόρουν
951 2503 1054 2594 ὁμόσε
1085 2521 1157 2587 τοῖς

101 2616 319 2700 ὅπολεμίοις.
366 2610 384 2681 ὁ
410 2612 472 2700 μὲν
497 2603 559 2680 οὖν
586 2615 654 2681 τῶν
678 2618 841 2699 Σαβίνων
871 2611 1056 2701 στρατηγὸς
1079 2617 1156 2702 διχῆ

140 2725 276 2808 μερίσας
298 2716 357 2798 τάς
380 2721 540 2806 δυνάμεις
563 2717 626 2786 δύο
655 2734 799 2787 ποιεῖται
822 2719 1046 2808 στρατόπεδα,
1075 2716 1093 2787 ὁ
1119 2719 1157 2788 δὲ

139 2830 207 2893 τῶν
230 2823 407 2911 Ῥωμαίων
438 2824 596 2911 βασιλεὺς
626 2830 702 2913 τρία
742 2824 885 2912 ποιῆσας
915 2825 1064 2913 τάγματα
1101 2826 1157 2894 καὶ

99 2961 126 3002 ετ
139 2945 228 3020 τρεῖς
254 2929 466 3018 παρεμβολάς
498 2930 540 3000 ού
571 2929 703 3020 μακράν
735 2928 793 3000 ἀπ’
819 2928 976 3018 ἀλλῆλων
1010 2933 1158 3019 θέμενος

212 3120 347 3180 1*ἀλλα
370 3125 467 3181 addidi
489 3122 577 3180 πολλά
602 3125 624 3182 Ο
639 3126 755 3214 quod
746 3145 776 3181 m
799 3118 885 3180 τάλλα
905 3126 1030 3182 mutavit
1050 3128 1156 3183 Reiske

142 3133 338 3254 7*τι1ἀσανο
411 3203 427 3251 9
451 3199 538 3253 verba
560 3197 610 3252 ιιαλ
632 3193 772 3285 ὑποζύγια
794 3217 819 3251 ιι.
829 3217 868 3281 χ.
887 3198 913 3251 θ.
936 3218 961 3252 τ.
984 3192 1051 3253 (λ’
1033 3217 1061 3250 α.
1083 3192 1154 3269 ἀγα-

140 3265 239 3357 χόντες
257 3286 311 3326 om.
325 3270 380 3336 Aa,
394 3268 564 3324 add.Ab1n
581 3285 642 3338 mg.
698 3262 763 3322 10’
736 3264 902 3352 ἀγαγόντες
919 3264 1011 3323 ΑΒ”
991 3288 1113 3337 αγοντες
1130 3271 1156 3324 R

140 3311 470 3501 λλλζλλίλὶιλίάωὲ
485 3416 518 3464 16
543 3334 1158 3484 ελλρέλψῖλωῖοάολθιπῗῖεοΡ73
1123 3417 1158 3466 23

141 3487 250 3536 ποιειτε
272 3482 295 3535 Α
