2454 3916
488 222 654 274 -A-
1035 221 1079 286 49

36 410 38 417 ’
71 393 187 463 φαντες
220 376 456 468 ἀρχαιολογίας
486 385 526 470 τῇ
556 387 683 472 πατρίῳ
716 380 850 469 γλώσση
880 381 1080 470 Καρμέντην

71 485 311 575 ὀνομάζουσιν·
340 497 390 576 εἴη
415 485 451 555 δ’
477 483 520 556 διν
538 486 675 557 Ἑλλάδι
698 493 796 578 φωνῇ
825 486 1017 580 Θεσπιῳδὸς
1039 493 1079 578 τῇ

69 595 180 684 νύμφη
204 595 374 684 τοῦνομα·
401 594 460 675 τδις
482 596 544 683 μὲν
568 593 631 684 γδιρ
655 593 744 688 ώδδις
766 598 905 664 καλοῦσι
923 592 1079 683 Ῥωμαῖοι

69 703 231 792 κάρμινα,
259 703 322 790 την
351 702 388 771 δὲ
411 717 554 789 γυναῖκα
580 702 706 790 ταύτην
735 699 939 789 ὁμολογοῦσι
963 705 1079 789 δαιμο-

67 815 125 902 νίῳ
171 808 336 896 πνεύματι
371 809 572 897 κατάσχετον
608 811 794 896 γενομένην
835 806 875 876 τὰ
916 810 1105 895 μέλλονταε

68 921 267 1004 συμβαίνειν
290 920 335 1008 τῷ
358 915 482 1003 πλήθει
505 913 550 983 δι’
576 912 666 1008 ώδης
684 915 868 1005 προλέγειν.
901 912 919 984 ὁ
944 915 981 983 δὲ
1005 918 1078 983 στό-
1097 918 1119 984 2

67 1031 122 1103 λος
146 1014 247 1103 οὗτος
271 1021 332 1090 οὐκ
355 1018 418 1089 άπὸ
442 1025 502 1089 τοῦ
519 1025 644 1090 κοινοῦ
672 1025 731 1108 της
753 1020 888 1109 γνώμης
911 1024 1078 1110 ἐπέμφθη,

66 1128 148 1197 νἰλλδι
184 1127 426 1207 στασιάσαντος
454 1132 515 1196 τοῦ
549 1128 659 1215 δήμου
688 1126 725 1196 τὸ
759 1128 947 1197 ἐλαττωθὲν
979 1133 1080 1218 μέρος

20 1245 48 1298 32
67 1235 222 1304 ἑκούσιον
246 1233 441 1322 ὑπεξῆλθεν.
481 1234 647 1322 ,ἐτύγχανε
667 1234 704 1302 δέ
726 1234 800 1303 τότε
823 1233 884 1322 τὴν
904 1242 1078 1322 βασιλείαν

65 1347 132 1410 τών
154 1339 374 1428 Ἀβοριγίνων
397 1339 611 1430 παρειληφώς
635 1345 784 1427 Φαῦνος,
802 1340 922 1428 Ἀρεος
944 1339 989 1422 ώς
1015 1370 1078 1429 φα-
1093 1369 1118 1408 10

66 1467 120 1518 σιν
148 1447 331 1534 ἀπόγονος,
359 1446 445 1535 άνηρ
464 1445 555 1534 ’μετδι
581 1451 642 1515 τοῦ
672 1452 876 1537 δραστηρίου
904 1449 959 1516 καλ
983 1470 1078 1516 συνε-

67 1555 132 1642 τὸς,
156 1556 212 1624 καλ
236 1551 340 1623 αὐτὸν
363 1552 408 1634 ώς
429 1565 498 1623 τών
521 1557 708 1643 ἐπιχωρίων
731 1553 807 1624 τινδι
825 1553 982 1643 Ῥωμαῖοι
1007 1559 1078 1623 δαι-

66 1663 181 1751 μόνων
204 1666 343 1741 θυσίαις
364 1663 419 1729 καλ
443 1660 546 1753 ᾠδαῖς
568 1667 794 1749 γεραίρουσιν.
830 1654 928 1743 οὗτος
951 1661 968 1730 ὁ
992 1661 1077 1750 ἀνὴρ

67 1768 247 1857 δεξάμενος
273 1765 356 1836 κατδι
384 1767 511 1854 πολλὴν
539 1767 701 1854 φιλότητα
728 1766 807 1848 τοὺς
827 1765 987 1856 Ἀρκάδας
1010 1767 1077 1838 ὀλί-

64 1904 146 1963 γους
169 1874 280 1961 ὄντας,
304 1878 445 1943 δίδωσιν
468 1873 583 1955 αὐτοῖς
604 1879 662 1961 τῆς
685 1872 789 1945 αὑτοῦ
817 1874 926 1962 χώρας
949 1873 1077 1962 ὁπόσην
1092 1901 1117 1940 15

66 1982 258 2071 ἐβούλοντο.
305 1984 340 2050 οἱ
367 1981 404 2048 δὲ
429 1979 599 2070 Ἀρκάδες,
629 1977 673 2061 ὡς
700 1978 720 2068 ἡ
744 1983 846 2069 Θέμις
874 1979 987 2061 αὐτοῖς
1010 1982 1117 2053 ἐπι-3

64 2089 247 2171 θειάζονσα
270 2092 422 2176 ἔφραζεν,
446 2090 621 2175 αίροῦνται
644 2086 754 2174 λόφον
773 2087 890 2174 ὀλίγον
913 2086 1078 2175 ἀπέχοντα

65 2201 123 2266 τοῦ
151 2197 324 2283 Τεβέριος,
347 2191 386 2274 ὅς
409 2195 477 2261 ἐστι
501 2196 566 2261 νῦν
590 2195 628 2261 ἐν
651 2195 741 2284 μέσφ
764 2192 907 2281 μάλιστα
925 2197 983 2280 τῆς
1000 2191 1077 2262 Ῥω-

66 2310 173 2390 μαίων
206 2298 353 2386 πόλεως,
380 2301 435 2368 καλ
463 2298 762 2381 κατασκευάζονται
789 2298 872 2386 πρὸς
902 2299 990 2392 αὐτῷ
1014 2301 1076 2368 κώ-

65 2437 128 2497 μην
165 2415 347 2496 βραχεῖαν,
385 2408 463 2476 δυσὶ
503 2421 674 2485 ναυτικοῖς
707 2404 926 2494 πληρώμασιν
956 2408 993 2474 ἐν
1027 2400 1078 2486 οἷς
1092 2430 1118 2469 εο

65 2514 299 2599 ἀπανέστησαν
326 2517 385 2599 τῆς
402 2510 563 2592 Ἑλλάδος
589 2509 805 2601 ἀποχρῶσαν,
833 2509 877 2599 ἣν
904 2517 1017 2598 έμελλε
1039 2510 1077 2580 τὸ

65 2621 284 2710 πεπρωμένον
317 2618 381 2688 σδν
413 2620 524 2710 χρόνῳ
556 2617 680 2706 θήσειν
710 2616 795 2705 ὅσην
824 2616 906 2687 οὔθ’
934 2616 1077 2686 Ἑλλάδα

65 2728 163 2797 πόλιν
194 2723 270 2794 οὔτε
297 2723 471 2812 βάρβαρον
499 2723 581 2793 κατά
609 2750 644 2791 τε
676 2722 835 2810 οἰκήσεως
857 2726 1000 2812 μέγεθος
1021 2727 1077 2794 καλ

64 2831 143 2904 κατὰ
173 2835 372 2910 δυναστείας
400 2828 538 2911 ἀξίωσιν
565 2830 620 2898 καὶ
643 2828 706 2917 τὴν
737 2827 843 2917 άλλην
867 2829 999 2899 ἅπασαν
1023 2832 1077 2902 εὐ-

134 2998 148 3045 1
168 2984 289 3057 πατρώω
310 2990 363 3044 ΑΒ
386 2992 494 3062 πατρίῳ
512 2989 641 3044 Meineke
658 2993 661 3056 Ι
678 2988 847 3059 Καρμέντην
867 2992 977 3046 Urlichs
995 2993 1076 3047 EosI

64 3079 88 3133 p.
107 3068 160 3119 309
180 3059 377 3130 καρμέντανΑ
395 3067 563 3131 καρμετῖνον
581 3061 604 3114 Β
659 3068 675 3115 4
694 3062 837 3130 καρμίανα
852 3062 874 3115 Β
893 3065 1036 3133 θερμίανα
1051 3066 1076 3118 Α

96 3140 113 3189 5
133 3131 291 3203 γενομένην
309 3133 410 3186 Reiske
430 3131 580 3202 γινομένην
600 3130 623 3186 O
678 3139 693 3186 6
714 3126 728 3186 ὁ
748 3129 781 3186 δέ
801 3126 937 3200 λόγοςΒο
992 3141 1007 3189 8
1027 3134 1074 3203 με’-

65 3225 108 3272 ρος
135 3199 267 3266 ἑτοίμου
290 3204 445 3258 Ambrosoh
470 3197 600 3258 ἑκούσιον
623 3202 707 3274 μέρος
726 3202 748 3256 0
773 3199 908 3258 ἀκούσιον
932 3222 955 3259 ο.
974 3204 1075 3258 Βείελιε

98 3281 133 3330 10
151 3267 190 3339 ὥς
209 3291 297 3342 φασιν
312 3274 398 3328 om.B
415 3278 418 3341 Ι
434 3269 596 3346 άρε<ο>ςΒ
669 3278 702 3326 11
717 3268 819 3336 καλάς
838 3293 909 3342 φασι
928 3271 1076 3334 συνετόςΒ

67 3351 96 3400 15
119 3339 211 3401 αὖτοῦ
237 3343 260 3399 0
338 3350 371 3398 18
394 3346 515 3417 τιβέριος
537 3346 583 3399 Ba
654 3349 689 3398 20
712 3345 777 3398 δυσλ
799 3341 940 3406 νάλτικοῖς
959 3346 983 3397 Α
1010 3344 1075 3397 δυσὶ

67 3411 187 3479 άλτικοῖς
204 3417 229 3470 Β
256 3414 337 3469 δνσλν
356 3411 499 3484 άλητικοῐς
517 3414 583 3485 (Ca)
603 3417 682 3485 prob.
701 3415 816 3502 Madvig
831 3416 901 3469 Adv.
920 3416 934 3467 I
953 3419 1003 3466 723
1021 3416 1026 3475 Ι
1043 3408 1075 3467 ἐν

67 3486 116 3541 δελ
134 3486 251 3556 Madvig
271 3485 288 3539 l.
307 3486 325 3539 l.
397 3493 431 3541 23
451 3481 524 3541 κατά
542 3506 575 3542 τε
594 3487 716 3556 Sylburg
734 3505 807 3540 κατα
826 3505 857 3554 γε
878 3484 901 3538 O

115 3593 214 3636 mom.
228 3595 294 3633 HAn.
308 3593 326 3632 1.
341 3603 380 3634 ιιι.
393 3595 495 3636 λιοοετ.
897 3576 914 3622 4
