2454 3916
499 221 665 272 ..Γ-

75 379 170 457 λέξας
191 373 321 463 άνδρας
343 373 461 446 ἑκατόν
485 376 518 458 ἐξ
541 373 700 446 ἁπάντων
722 379 791 446 τάν
811 381 1012 465 δημοτικῶν,
1037 372 1089 457 οἷς

75 481 197 570 άρετήν
219 509 296 551 τινα
314 481 497 570 πολεμικὴν
519 479 541 570 ἢ
560 481 734 571 πολιτικὴν
753 483 923 572 φρόνησιν
943 481 1087 563 ἅπαντες

75 589 296 677 ἐμαρτύρουν,
319 594 514 678 πατρικίους
533 591 666 677 ἐποίησε
683 591 739 658 καὶ
756 592 932 671 κατέταξεν
955 595 1002 669 είς
1024 588 1085 659 τὸν
1113 601 1120 605 ”

74 701 142 764 τῶν
170 700 364 781 βουλευτῶν
392 694 557 783 ἀριθμόν,
584 697 640 764 καὶ
667 696 741 765 τότε
770 697 1085 782 πρῶτονέγίνοντο

69 799 244 889 Ῥωμαίοις
265 801 453 890 τριακόσιοι
475 804 654 889 βουλευταί
681 806 763 883 τέως
790 801 886 882 όντες
908 801 1113 871 διακόσιοιι

75 914 186 977 ἔπειτα
212 912 417 997 ταῖς-ἱεραῖς
447 911 646 995 παρθένοις,
678 907 738 996 ὑφ’
759 900 820 977 Ιτόν
849 907 888 977 τὸ
920 907 1126 994 άσβεστον2

74 1015 274 1100 φυλάττεται
296 1019 379 1103 πῦρ,
402 1016 575 1103 τέτταρσιν
599 1014 804 1096 οῦσαιςδόο
826 1017 1087 1105 προσκατέλεξεν

26 1122 205 1209 58οέτέρας·
236 1120 404 1193 πλειόνων
429 1119 493 1209 γάρ
524 1120 590 1209 ἤδη
624 1124 902 1210 συντελουμένων
933 1118 1000 1191 ῦπὸ
1028 1125 1087 1209 τῆς

73 1226 201 1307 πόλεως
223 1231 436 1317 ἱερουργιῶν,
460 1221 513 1306 αἷς
537 1230 605 1295 ἔδει
627 1226 686 1313 τὰς
707 1232 766 1314 τῆς
782 1226 913 1307 Ἑστίας
930 1242 1086 1317 παρεῖναι

73 1332 286 1419 θυηπόλους,
315 1331 376 1401 οὐκ
408 1332 552 1401 ἐδόκουν
585 1335 623 1400 αί
649 1333 811 1419 τέτταρες.
827 1331 951 1419 άρκεϊν.
1001 1341 1127 1421 Tap-10

73 1444 196 1507 κυνίου
223 1439 261 1508 δὲ
288 1437 695 1526 άρξαντοςήκολοόθουν
728 1442 764 1513 oc
788 1439 900 1506 λοιποὶ
927 1444 1086 1526 βασιλεῖς,

73 1545 129 1612 καὶ
156 1548 253 1632 μέχρι
279 1546 347 1613 τῶν
378 1543 457 1612 καθ’
482 1541 572 1632 ἡμᾶς
597 1543 732 1632 χρόνων
764 1547 798 1626 ἓξ
826 1541 1087 1632 ἀποδείκνυνται

73 1655 132 1738 τῆς
144 1649 276 1732 Ἑστίας
294 1648 488 1738 ἀμφίπολοι.
528 1655 622 1722 δοκεῖ
639 1651 750 1720 δὲκαὶ
766 1651 827 1731 τάς
843 1656 1013 1738 τιμωρίας,
1032 1645 1085 1731 αἷς
1103 1653 1124 1718 3

72 1756 270 1838 κολάζονται
301 1756 387 1845 πρὸς
416 1760 486 1827 τάν
519 1761 730 1846 ίεροφαντάν
758 1761 800 1825 αί
820 1755 865 1846 μὴ
897 1756 1086 1845 φυλάττου-

73 1884 130 1931 σαι
166 1862 229 1950 τίγν
264 1869 471 1951 παρθενίαν,
508 1865 636 1944 ἐκεῖνος
671 1866 818 1952 ἐξευρεῖν
854 1867 986 1952 πρῶτος
1021 1872 1086 1932 είτε
1100 1882 1127 1927 ιο

72 1968 155 2039 κατά
182 1968 346 2057 λογισμόν
374 1979 439 2038 εἴτε
461 1968 513 2058 ηὼς
546 1976 679 2039 οἴονταί
703 1999 793 2052 τινες
819 1967 941 2062 ὀνείρῳ
968 1969 1087 2039 πειθό-

73 2103 188 2163 μενος,
212 2073 252 2157 άς
279 2075 359 2164 μετά
385 2076 448 2164 τὴν
472 2079 605 2146 ἐκείνου
625 2075 783 2166 τελευτὴν
806 2080 843 2147 έν
866 2092 936 2157 τοῖς
959 2084 1085 2163 Σιβυλ-

72 2189 176 2262 λείοις
208 2181 392 2271 εῦρεθῆναι
428 2197 589 2271 χρησμοῖς
626 2186 661 2251 οί
693 2186 761 2251 τῶν
798 2187 899 2279 ἱερῶν
931 2185 1086 2270 ἐξηγηταὶ

73 2291 245 2374 λέγουσιν·
268 2290 432 2378 ἐφωράθη
443 2288 520 2377 ’γάρ
538 2316 595 2369 τις·
611 2290 664 2357 ἐπὶ
684 2294 743 2377 τῆς
765 2292 898 2358 ἐκείνου
914 2294 1087 2376 βασιλείας

73 2399 178 2483 ἱέρεια
192 2385 342 2484 Πιναρία
356 2402 513 2464 Ποπλίου
530 2395 686 2483 θυγάτηρ
710 2394 771 2483 οόχ
789 2393 876 2483 ἁγνὴ
894 2399 1085 2484 προσιοῦσα
1098 2422 1127 2462 το

72 2516 143 2581 τοῖς
166 2506 277 2590 ίεροίς.
316 2502 441 2591 τρόπος
460 2502 497 2571 δὲ
518 2507 684 2590 τιμωρίας·
702 2500 794 2582 ὅστις
811 2503 914 2587 ἐστίν,
937 2493 964 2593 ᾧ
987 2502 1086 2570 κολά-

74 2616 167 2690 ζουσι
193 2607 253 2689 τόις
279 2612 541 2697 διαφθαρείσας,
569 2611 606 2677 ἐν
633 2612 673 2697 τῇ
701 2607 766 2697 πρὸ
793 2607 916 2694 ταύτης
939 2607 1085 2695 δεδηλω-

72 2722 133 2817 ταί.
149 2743 207 2803 μοι
223 2721 353 2806 γραφη.
380 2714 460 2804 ιτην
484 2742 522 2796 ,τε
549 2713 695 2803 άγοράν,
723 2716 767 2799 ἐν,
787 2705 809 2804 ᾖ
833 2713 1005 2802 δικάζουσι
1027 2715 1084 2785 καὶ
1102 2712 1125 2775 4

73 2822 324 2907 ἐκκλησιάζουσι
359 2824 415 2892 καὶ
456 2821 515 2904 τάς
550 2820 653 2902 άλλας
691 2818 861 2901 πολιτικάς
897 2823 1084 2890 ἐπιτελοῦσι

72 2926 206 3013 πράξεις
237 2924 364 3008 ἐκεῖνος
395 2927 581 3016 ἐκόσμησεν
613 2921 844 3016 ἐργαστηρίοις
874 2952 910 2995 τε
938 2927 1005 2995 καλ
1022 2952 1083 2995 πα-
1097 2948 1125 2989 ει

26 3032 173 3102 581στάσι
196 3032 403 3122 περιλαβών,
425 3036 481 3103 καὶ
507 3033 627 3104 τάί
575 3041 627 3105 τεί
624 3062 664 3123 χη
692 3038 751 3122 τῆς
776 3032 905 3114 πόλεως
927 3030 1084 3121 αὐτοσχέ-

142 3260 251 3334 8ῦπὲρ
275 3281 298 3352 α.
319 3264 453 3352 Sylburg,
478 3265 555 3334 quod
576 3266 678 3336 probat
695 3264 801 3335 Kayser
824 3265 896 3318 Ann.
919 3263 988 3332 phil.
1014 3269 1084 3319 1863

71 3356 97 3423 η
119 3344 133 3392 7
190 3343 223 3391 12
243 3333 347 3417 χρόνον
365 3332 588 3391 ἀποδείκνυνται
605 3334 683 3390 αἱ
649 3355 700 3404 της
718 3334 898 3421 ΟμεεελαεΒ
954 3339 986 3389 17
1006 3327 1041 3395 δις
1059 3336 1085 3388 Α

71 3429 90 3460 α
109 3403 171 3462 R
153 3429 191 3470 ως
209 3425 231 3464 ο
249 3406 392 3479 Kiessling
407 3410 411 3475 Ι
428 3409 577 3477 σιβυλλίοις
590 3410 615 3461 A
676 3413 712 3462 24
729 3401 874 3467 πολιτικάς
893 3401 1084 3460 ίπιτελσῦοιΒ

72 3475 230 3534 ἐπιτελοῦσι
247 3498 276 3534 π,
295 3481 321 3535 R
402 3485 435 3535 26
454 3479 504 3532 καλ
521 3474 644 3532 παστάσι
662 3477 685 3531 Β
704 3479 753 3565 καὶ
771 3478 841 3531 πάσι
858 3477 884 3530 Β
