2454 3916
21 160 25 167 ¹
145 205 211 270 τεο
566 206 730 260 -ss-

143 371 313 452 βασιλείας
335 362 466 446 ἀξιος’
449 362 506 432 υπ’
527 363 723 492 ἀνθρώπων
744 371 887 494 κριθείς
915 363 959 434 οὑ
981 368 1098 454 μέντοι
1121 395 1165 455 χε

142 471 312 559 λήψεσθαι
334 470 396 559 τῆν
420 468 520 558 τιμῆν
543 470 719 560 πρότερον,
743 470 802 540 ἐὰν
828 470 872 559 μῆ
897 470 1009 540 καὶ
975 497 1013 542 το
1039 473 1162 615 δαιμό-

143 605 221 647 νιον
245 581 443 668 ἐπιθεσπίσῃ
468 575 512 646 δι’
539 581 673 647 οίωνάν
697 581 826 646 αἰσίων.

182 687 271 754 >V.
302 683 360 766 Ως
392 684 429 753 δέ
460 675 679 764 κάκείνοις
659 711 702 770 ῆν
733 685 955 773 βουλομένοις
986 686 1164 774 προειπὼν

102 819 115 862 τ
142 790 281 880 ἡμέραν,
300 782 374 880 ἐνῆ
393 791 704 879 διαμαντεύσασθαι
717 791 870 880 περὶτῆς
888 790 992 923 ἀρχῆς
1005 797 1213 882 ἐμελλεν,245

142 1007 178 1074 ἐκ
200 1009 259 1091 τῆς
282 1008 406 1092 σκηνῆς
428 1009 614 1093 προῆλθεν·
638 1002 717 1084 στάς
736 1004 773 1074 δὲ
795 1001 978 1092 ὑπαίθριος
995 1007 1033 1073 έν
1052 1016 1162 1076 καθα·

142 1117 190 1203 ρῷ
214 1117 324 1202 χωρίῳ
285 1111 408 1179 ίκαλ
436 1110 614 1200 προθόσας
641 1106 663 1178 δ
690 1109 796 1198 νόμος
822 1103 866 1199 ῆν
894 1109 1009 1200 εὔχετο
1035 1117 1101 1180 Διί
1125 1140 1163 1184 τε

142 1223 274 1304 βασιλεῖ
301 1219 357 1286 καὶ
389 1231 460 1297 τοῖς
495 1217 610 1298 ἀλλοις
645 1226 754 1302 θεοίς,
791 1214 851 1298 οὓς
882 1216 1062 1305 ἐποιήσατο
1100 1225 1164 1308 τῆς

101 1351 128 1392 ιο
142 1324 295 1406 ἀποικίας
317 1322 499 1412 ἡγεμόνας,
527 1329 559 1392 εί
579 1326 801 1410 βουλομένοις
829 1322 943 1404 αὐτοῖς
970 1326 1040 1392 ἐστι
1062 1331 1162 1412 βασι-

141 1431 300 1501 λεύεσθαι
322 1431 385 1517 τῆν
407 1431 507 1500 πόλιν
530 1428 592 1519 ὑφ’
619 1431 757 1516 ἑαυτοῦ,
780 1444 900 1517 σημεῖα
923 1427 1068 1519 οὑράνια
1094 1461 1161 1520 φα-

101 1542 243 1626 2νῆναι
274 1539 369 1607 καλά.
415 1536 496 1626 μετὰ
529 1537 566 1606 δέ
598 1535 659 1623 τῆν
693 1534 796 1625 εὑχῆν
829 1535 980 1626 ἀστραπὴ
1012 1540 1161 1626 διῆλθεν

141 1647 177 1714 ἐκ
199 1649 268 1715 τῶν
290 1644 478 1735 ἀριστερῶν
496 1645 549 1712 ἐπὶ
569 1641 610 1712 τά
629 1641 730 1726 δεξιά.
770 1648 923 1712 τίθενται
942 1642 979 1712 δὲ
997 1641 1163 1733 Ῥωμαῖοι

140 1750 199 1832 τάς
221 1753 258 1819 ἐκ
279 1755 348 1819 τῶν
371 1747 557 1840 ἀριστερῶν
577 1751 630 1819 ἐπὶ
648 1748 688 1818 τά
709 1749 801 1831 δεξιὰ
820 1748 991 1839 ἀστραπὰς
1013 1755 1161 1842 αἰσίους,

101 1892 127 1934 ιτ
141 1867 205 1927 ελτε
227 1854 317 1943 παρὰ
344 1860 530 1944 Τυρρηνῶν
554 1858 786 1945 διδαχθέντες,
809 1865 874 1926 είτε
893 1858 1049 1945 πατέρων
1072 1871 1161 1931 καθ-

140 1965 362 2052 ηγησαμένων
394 1960 476 2031 κατά
508 1962 641 2032 τοιόνδε
672 1963 764 2049 τινά,
803 1961 848 2045 ὡς
885 1963 949 2050 ἐγὼ
980 1969 1161 2055 πείθομαι,

11 2146 15 2155 ‚
140 2070 320 2158 λογισμόν,
353 2069 405 2139 ὅτι
436 2072 586 2156 καθέδρα
615 2072 677 2157 μέν
709 2072 779 2139 ἐστι
809 2071 866 2138 καὶ
893 2069 1010 2153 στάσις
1035 2069 1161 2162 ἀρίστη

140 2181 208 2246 τάν
236 2183 370 2258 οἰωνοῖς
398 2179 656 2265 μαντευομένων
684 2175 704 2265 ῆ
732 2179 903 2264 βλέπουσα
925 2175 1010 2268 πρὸς
1036 2175 1162 2250 ἀνατο-

139 2285 210 2372 λάς,
230 2283 314 2353 ὅθεν
331 2282 431 2373 ῆλίου
448 2310 484 2353 τε
502 2283 674 2372 ἀναφοραὶ
692 2290 846 2370 γίνονται
863 2285 919 2352 καὶ
938 2285 1084 2374 σελῆνης
1102 2288 1161 2357 οιαὶ

99 2427 125 2467 20
139 2391 289 2483 ἀστέρων
312 2390 491 2480 πλανῆτων
513 2416 549 2459 τε
568 2392 624 2460 καὶ
643 2389 816 2478 ἀπλανῶν,
838 2389 861 2478 ῆ
883 2417 918 2459 τε
940 2395 1002 2460 τοὺ
1024 2391 1163 2482 κόσμου

138 2498 321 2590 περιφορά,
350 2496 395 2567 δι’
425 2497 469 2586 ῆν
496 2498 571 2567 τοτὲ
599 2497 660 2586 μὲν
688 2495 772 2586 ὑπὲρ
799 2501 863 2584 γῆς
890 2495 1021 2567 ἅπαντα
1047 2501 1092 2568 τδι
1121 2504 1163 2571 ἐν

139 2603 229 2675 αότω
261 2612 404 2692 γίνεται,
436 2605 511 2674 τοτὲ
543 2603 628 2673 δὲ’
612 2603 678 2673 υπὸ
711 2606 787 2690 γῆς,
821 2606 952 2672 ἐκεῖθεν
984 2603 1160 2737 ἀρξαμένη

98 2692 200 2799 δτῆν
223 2711 399 2798 ἐγκύκλιον
418 2709 606 2781 ἀποδίδωσι
628 2716 773 2798 κίνησιν.
813 2725 885 2790 τοῖς
905 2710 944 2778 δέ
965 2710 1051 2801 πρὸς
1075 2712 1157 2784 ἀνα-

137 2816 236 2898 τολάς
258 2817 478 2905 βλέπουσιν’
460 2817 617 2952 αριστερά
640 2818 680 2906 μ
681 2846 702 2886 ν
728 2821 855 2945 χίνεται
874 2814 960 2904 <τά>
977 2816 1064 2907 πρὸς
1086 2819 1207 2910 τῆτρςς

98 2956 124 2998 τε
138 2923 262 3012 ἀρκτον
282 2928 524 3015 ἐπιστρέφοντα
542 2928 636 3012 μέρη,
656 2922 742 3006 δεξ
695 2926 748 3006 ξια
768 2923 806 2991 δέ
824 2921 909 3011 <τδι>
927 2921 1012 3010 πρὸς
1029 2947 1160 3016 μεσημΓ

138 3037 239 3119 βρίαν
271 3035 432 3123 φέροντα·
467 3029 646 3120 τιμιώτερα
679 3031 717 3100 δέ
748 3028 790 3099 τά
820 3027 966 3118 πρότερα
1001 3034 1161 3121 πέφυκεν

212 3271 225 3319 1
250 3259 302 3318 ὑπ’
328 3257 423 3317 αὑτων
458 3279 480 3317 ο
515 3261 604 3317 Cobet
636 3262 701 3317 Obs.
726 3281 754 3331 p
777 3267 813 3317 40
902 3266 917 3316 5
947 3263 1160 3333 διαμαντεὺσε-

139 3340 208 3391 σθαι
236 3353 259 3389 ο.
289 3333 397 3388 Grimm
502 3340 517 3388 7
540 3334 668 3403 προῆλθε
696 3335 720 3388 Β
824 3338 857 3388 11
883 3333 975 3403 φῆναι
1003 3351 1026 3389 ο.
1051 3335 1160 3394 Reiske

138 3401 317 3548 εγῗζωχεταρά
354 3426 409 3460 των
446 3403 576 3474 πατέρων
612 3404 767 3461 Ambrosch
863 3411 906 3461 24.
939 3409 974 3460 25
1011 3402 1047 3460 τά
1089 3408 1160 3465 εδδ

61 3590 207 3664 ἢ
