2454 3916
569 215 733 269 -Β-

145 377 252 445 πέδου
275 374 381 464 ζόφου
403 375 677 463 κατασκήψαντος
701 379 734 458 ἐξ
758 381 895 464 αἰθρίας
917 376 974 443 καὶ
996 381 1167 462 χειμῶνος

30 484 37 497 '
146 483 295 571 μεγάλου
326 484 592 572 καταρραγέντος
623 481 738 571 ἀφανῆ
776 485 943 570 γενέσθαι
972 482 1029 550 καὶ
1066 505 1166 550 πεπι-

146 589 324 659 στεύκασιν
347 587 412 658 ὑπὸ
435 593 497 659 τοῦ
515 587 640 674 πατρὸς
652 589 771 677 ’Ἀρεος
792 588 853 659 τὸν
876 587 986 677 ἀνδρα
1008 585 1166 676 ἀνηρπά-

106 699 127 763 3
148 705 244 765 σθαι·
268 699 303 765 οί
321 696 358 765 δὲ
375 692 416 767 τά
434 695 651 785 πιθανώτερα
669 696 857 785 γράφοντες
870 695 954 785 πρὸς
971 699 1039 766 τών
1060 699 1165 767 ἰδίων

105 831 119 871 ε
144 806 291 873 πολιτών
325 805 484 890 λέγουσιν
517 802 622 873 αὐτὸν
653 801 851 872 ἀποθανεῖν.
896 807 1008 873 αἰτίαν
1036 801 1075 870 δὲ
1101 807 1166 891 τῆς

144 908 349 999 ἀναιρέσεως
377 908 481 978 αὐτοῦ
509 912 652 998 φέρουσι
679 909 742 998 τήν
768 937 804 979 τε
830 908 954 997 ἀφεσιν
980 913 1049 978 τών
1078 906 1165 998 ὁμη-

147 1043 234 1105 ρων,
272 1013 331 1096 οδς
367 1015 456 1104 παρά
494 1014 710 1085 Οὐιεντανῶν
752 1022 887 1103 ἔλαβεν,
922 1014 1007 1085 ἀνευ
1042 1020 1166 1103 κοινῆς

144 1122 281 1211 γνώμης
303 1124 491 1210 γενομένην
510 1121 599 1212 παρὰ
622 1122 813 1211 τδείωθός,
834 1122 947 1193 καὶτὸ
966 1123 1081 1211 μηκέτι
1098 1121 1164 1192 τὸν

145 1227 250 1300 αὐτὸν
278 1232 531 1320 προσφέρεσθαι
558 1231 685 1319 τρόπον
712 1245 783 1311 τοῖς
808 1228 1040 1320 ἀρχαιοτάτοις
1066 1235 1164 1298 πολί

106 1363 133 1404 ιο
145 1363 218 1416 ταις
245 1339 301 1405 καὶ
327 1352 398 1417 τοῖς
424 1336 671 1427 προσγράφοις,
703 1335 787 1405 ἀλλὰ
817 1336 897 1417 τοὺς
927 1336 988 1426 μὲν
1017 1339 1054 1406 ἐν
1081 1339 1164 1427 τιμῇ

145 1450 276 1514 πλείονι
307 1443 419 1531 ἀγειυ,
445 1448 514 1514 τών
543 1442 575 1512 δ’
606 1445 874 1530 ἐπεισαχθέντων
899 1442 1086 1532 ὑπερορᾶν,
1117 1443 1216 1512 τόεσο

144 1577 180 1620 τε
203 1549 297 1640 ώμδν
325 1549 429 1620 αὐτοῦ
457 1549 495 1620 τδ
524 1553 600 1640 περλ
622 1550 681 1631 τάς
705 1556 867 1640 τιμωρίας
887 1555 956 1621 τών
980 1552 1165 1640 ἐξαμαρτα-

144 1660 277 1727 νόντων
294 1660 362 1742 [καὶ
377 1656 552 1744 αι’λθαδες],
567 1656 756 1748 (Ῥωμαίων
769 1657 835 1746 γάρ
848 1684 943 1738 τινας
957 1658 1010 1726 ἐπὶ
1023 1663 1166 1749 ληστείη

144 1768 213 1833 τών
242 1762 484 1852 πλησιοχώρων
511 1766 804 1852 κατηγορηθέντας
832 1761 908 1832 οὔτε
936 1761 1079 1852 ἀφανεῖς
1102 1763 1165 1833 ἀν-

106 1895 131 1938 ιε
147 1875 229 1956 δρας
252 1870 329 1941 οὔτε
352 1869 489 1958 ὀλίγους
512 1872 683 1940 ἐκέλευσεν
707 1863 792 1940 ώσαι
818 1870 900 1940 κατά
923 1875 984 1940 τοῦ
1005 1875 1165 1960 κρημνοῦ

144 1974 207 2064 τὴν
232 1982 330 2065 δίκην
354 1975 455 2058 αάτὸς
473 1976 579 2065 μόνος
597 1977 750 2067 δικάσας)
764 1977 907 2065 μάλιστα
927 1975 1035 2046 δὲ’ὅτι
1054 1978 1165 2069 βαρὺς

145 2081 212 2171 ἤδη
235 2084 291 2152 καὶ
314 2082 469 2170 αὐθάδης
496 2081 584 2151 εἶναι
613 2083 721 2151 ἐδόκει
748 2084 804 2152 καὶ
831 2080 893 2171 την
917 2080 1024 2172 ἀρχὴν
1043 2082 1164 2160 ,οὐκέτι

105 2189 325 2278 4βασιλικώς
347 2189 432 2258 ἀλλά
454 2189 744 2279 τυραννικώτερον
772 2188 912 2276 ἐξάγειν.
958 2193 1015 2258 διδι
1037 2189 1165 2273 ταύτας

145 2296 187 2385 δὴ
217 2301 354 2385 λέγουσι
381 2296 439 2378 τὰς
467 2303 575 2377 αἰτίας
602 2296 788 2383 συστάντας
811 2294 860 2365 ἐπ’
887 2294 976 2388 αὐτῷ
1000 2295 1080 2377 τοὺς
1103 2323 1164 2368 πα-

104 2429 132 2470 νο
144 2413 293 2493 τρικίους
315 2409 496 2492 βουλεῦσαι
515 2403 576 2475 τὸν
595 2404 718 2493 φόνον,
740 2406 862 2492 πρᾶξαι
882 2404 919 2471 δὲ
936 2402 974 2473 τὸ
1000 2408 1102 2491 ἔργον
1126 2408 1164 2475 ἐν

144 2517 191 2604 τῷ
224 2507 453 2604 βουλευτηρίῳ
485 2511 541 2580 καί
571 2507 743 2601 διελόντας
770 2509 808 2580 τὸ
839 2514 934 2599 σώμα
964 2508 1049 2580 κατά
1076 2512 1162 2602 μέρη

144 2619 245 2706 χάριν
268 2623 330 2689 τοῦ
354 2617 399 2707 μὴ
423 2623 574 2708 φανῆναι
597 2616 657 2687 τὸν
681 2615 803 2706 νεκρὸν
823 2618 972 2698 ἐξελθεῖν
994 2616 1163 2706 κρύπτον-

145 2753 204 2806 τας
235 2725 300 2795 ὑπὸ
333 2736 406 2806 ταῖς
436 2731 628 2813 περιβολαῖς
656 2722 740 2792 ὅσον
773 2726 908 2803 ἕκαστος
938 2720 1026 2809 εἶχεν
1055 2722 1163 2795 αὐτοῦ

104 2829 126 2894 5
146 2835 246 2920 μέρος
268 2833 324 2900 καί
347 2830 427 2919 μετὰ
450 2836 550 2901 τοῦτο
574 2831 761 2921 γηκράυαι
783 2829 927 2900 κατὰτὸ
950 2827 1087 2917 ἀφανές.
1130 2833 1166 2900 οἰ

105 2960 132 3002 σε
147 2937 179 3006 δ’
205 2937 461 3025 ἐκκλησιάζοντα
484 2936 545 3025 μὲν
570 2936 673 3006 αὐτόν
696 2956 802 3026 φασιν
825 2935 890 3005 ὑπὸ
913 2939 982 3005 τών
1006 2947 1162 3008 νεοπολι-

51 3080 55 3090 ·
143 3048 212 3114 τών
241 3043 413 3132 Ῥωμαίων
450 3042 694 3133 ἀναιρεθῆναι,
727 3045 932 3132 ἐπιχειρῆσαι
970 3041 1000 3110 δ’
1036 3041 1163 3126 αὐτοὺς

216 3199 343 3274 θάρεως
359 3206 408 3260 Aa
430 3204 476 3259 Ba
552 3211 569 3260 4
592 3198 778 3272 πιθανώτερα
801 3205 827 3257 Α
850 3205 974 3274 (auctore
997 3203 1151 3261 Ambrosio

146 3277 287 3333 etRseiske
309 3271 540 3331 πιθανώταταΒ
617 3280 633 3329 8
657 3272 689 3329 τὸ
714 3290 768 3329 om.
792 3275 845 3328 AB
922 3281 938 3328 9
962 3270 1091 3343 ἀρχαίοις
1115 3295 1152 3333 ve

145 3343 339 3419 ἀρχαιοτέροις
357 3366 381 3402 ο.
395 3347 498 3402 Reiske
572 3353 605 3401 12
625 3341 656 3401 τὸ
678 3363 731 3402 om.
746 3347 769 3400 B
843 3351 876 3400 13
895 3345 944 3400 καλ
958 3343 1092 3409 αὔθαδες
1107 3349 1163 3405 del.

144 3419 281 3545 Bfichelel}
335 3424 370 3473 14
387 3417 693 3489 κατηγορηθέντοςΒα
749 3422 782 3471 16
802 3414 833 3471 δὲ
849 3435 902 3472 om.
917 3418 964 3471 Ba
1018 3412 1165 3490 24τάφα-

144 3509 192 3552 νες
210 3509 258 3545 ma
282 3509 308 3544 m
