2454 3916
146 208 209 273 με
567 192 730 264 -Β-’

198 367 217 395 ²
232 372 321 438 XVI.
352 375 472 458 Τρίτον
495 361 539 456 ἦν
563 374 610 437 έτι
628 367 801 457 Ῥωμύλον
818 374 1012 457 πολίτευμα,
1037 365 1054 437 ὃ
1073 369 1158 439 πάν-

143 502 212 544 των
245 475 387 563 μάλιστα
418 474 497 555 τοὺς
516 473 682 562 Ἕλληνας
714 473 829 544 ἀσκεῖν
862 480 945 562 ἔδει,
977 468 1158 565 κράτιστον

112 642 113 647 ,
145 580 304 652 ἁπάντων
326 581 580 670 πολιτευμάτων
602 580 770 669 ὑπάρχον,
794 579 839 662 ὡς
860 582 920 674 ἐμὴ
945 583 1028 665 δόξα
1051 586 1158 674 φέρει,

146 687 164 759 δ
187 691 243 758 καί
265 694 325 778 τῆς
347 694 488 776 βεβαίου
506 686 681 776 Ῥωμαίοις
700 690 895 777 ἐλευθερίας
912 681 993 777 ἦρχε
1011 692 1067 758 καὶ
1089 695 1159 759 τῶν

105 825 118 867 ε
146 797 199 864 ἐπί
223 794 292 884 ’την
324 794 510 884 ἡγεμονίαν
542 793 696 882 ἀγόντων
734 793 795 864 ούκ
827 799 1003 884 ἐλαχίστην
1035 811 1159 886 μοίραν

144 905 303 992 παρέσχε,
330 903 368 972 τὸ
398 902 479 991 μήτε
505 902 750 989 κατασφάττειν
772 900 904 990 ἡβηδὸν
930 901 989 983 τὰς
1012 901 1160 984 ἁλούσας

144 1012 277 1101 πολέμῳ
301 1008 414 1090 πόλεις
435 1009 517 1098 μήτε
536 1007 843 1093 ἀνδραποδίζεσθαι
862 1010 948 1098 μηδὲ
965 1015 1029 1097 γῆν
1047 1009 1160 1080 αὐτῶν

145 1115 279 1184 ἀνιέναι
303 1116 511 1204 μηλόβοτον,
534 1113 618 1183 ἀλλὰ
642 1117 851 1203 κληρούχους
878 1120 926 1196 είς
949 1115 1052 1197 αύτάς
1073 1116 1212 1187 ἀπο-269

146 1224 295 1292 στέλλειν
324 1225 377 1292 έπλ
404 1224 497 1312 μέρει
524 1223 592 1291 τινλ
619 1225 678 1309 της
704 1220 815 1309 χώρας
841 1223 1035 1308 καλςποιείν
1065 1222 1160 1293 ἀποι-

106 1358 133 1398 ιο
145 1332 219 1409 κίας
241 1333 300 1417 τῆς
318 1328 446 1416 Ῥύμης
464 1327 522 1409 τὰς
543 1334 780 1417 κρατηθείσας,
799 1331 905 1409 ένίαις
928 1329 966 1397 δὲ
987 1331 1044 1398 καὶ
1066 1339 1160 1399 πολι-

111 1439 235 1517 2τείας
266 1437 494 1524 μεταδιδόναι.
538 1435 642 1504 ταύτά
670 1462 706 1504 τε
735 1432 777 1523 δὴ
806 1436 862 1502 καὶ
893 1427 998 1504 τάλλα
1026 1435 1160 1517 τούτοις

148 1542 248 1630 ὅμοια
266 1543 557 1632 καταστησάμενος
574 1542 797 1631 πολιτεύματα
813 1540 962 1630 μεγάλην
982 1546 1018 1611 έκ
1041 1549 1161 1633 μικράς

147 1653 281 1738 ἐποίησε
303 1654 366 1738 την
390 1649 559 1735 ἀποικίαν,
578 1648 623 1730 ὡς
641 1647 726 1719 αύτδι
748 1647 788 1718 τά
813 1655 894 1738 ἔργα
912 1648 1091 1736 ἐδήλωσεν.
1128 1655 1164 1720 οί

149 1756 210 1844 μὲν
242 1755 305 1844 γὰρ
339 1762 591 1836 συνοικίσαντες
627 1753 696 1842 μετ’
728 1753 834 1823 αὐτοῦ
865 1753 928 1842 την
955 1753 1087 1844 Ῥώμην
1120 1756 1162 1827 ού

108 1890 134 1932 15
148 1868 284 1942 πλείους
303 1855 391 1950 ἦσαν
411 1861 549 1951 ἀνδρῶν
567 1868 760 1952 τρισχιλίων
778 1863 869 1943 πεζοί
887 1863 944 1930 καὶ
958 1871 1162 1952 τριακοσίων

148 1970 305 2050 ἐλάττους
337 1973 460 2051 ίππείς·
493 1973 529 2039 οί
559 1969 596 2037 δὲ
627 1971 907 2055 καταλειφθέντες
936 1966 992 2036 ὑπ’
1020 1973 1162 2057 ἐκείνου,

148 2076 197 2147 ὅτ’
224 2080 257 2159 ἐξ
284 2076 479 2165 ἀνθρώπων
506 2075 699 2164 ἠφανίσθη,
731 2076 822 2157 πεζοὶ
854 2074 915 2162 μὲν
948 2076 1162 2166 ἑξακισχίλιοι

147 2181 231 2272 πρὸς
253 2186 405 2271 τέτταρσι
429 2183 601 2273 μυριάσιν,
626 2187 734 2263 ίππείς
758 2182 789 2251 δ’
812 2181 853 2252 ού
876 2182 963 2252 πολὺ
984 2183 1163 2272 ἀπέχοντες

108 2297 276 2379 3χιλίων.
317 2292 448 2359 ἐκείνου
473 2289 510 2358 δὲ
535 2288 697 2379 άρξαντος
719 2295 788 2360 των
811 2290 1062 2378 πολιτευμάτων
1085 2292 1163 2360 τού-

108 2425 217 2468 εοτων
251 2401 286 2467 u
314 2424 351 2466 τε
381 2403 529 2483 βασιλεῖς
562 2400 597 2465 οί
627 2395 696 2484 μετ’
718 2395 833 2465 ἀὐτὸν
865 2395 1074 2486 ἡγησάμενοι
1104 2404 1164 2486 τῆς

148 2504 276 2584 πόλεως
298 2503 360 2591 τὴν
384 2500 491 2591 αὐτὴν
515 2503 723 2590 ἐφυλάξαντο
742 2509 940 2592 προαίρεσιν
958 2505 1014 2572 καὶ
1038 2507 1073 2573 οί
1090 2505 1160 2593 μετ’

150 2615 299 2691 έκείνους
328 2608 387 2690 τάς
415 2613 609 2689 ἐνιαυσίους
641 2609 869 2697 λαμβάνοντες
895 2608 999 2698 ἀρχάς
1027 2615 1119 2681 ἔστιν
1142 2609 1164 2680 ἀ

148 2719 204 2786 καλ
233 2720 487 2804 προστιθέντες,
518 2713 624 2796 οὕτως
654 2715 738 2786 ὥστε
757 2716 911 2804 ’μηδενὸς
940 2723 1066 2798 έθνους
1097 2723 1217 2790 τούειο

151 2828 335 2904 δοκοῦντος
376 2823 463 2893 εἶναι
503 2822 860 2912 πολυανθρωποτάτου
895 2822 956 2892 τὸν
989 2821 1164 2913 Ῥωμαίων

110 2956 136 2998 ιι
150 2932 311 3017 γενέσθαι
335 2934 445 3018 δῆμον
471 2929 638 3000 ἐλάττονα.

224 3191 273 3250 1“
258 3217 273 3251 ο
292 3192 387 3252 πάντα
402 3194 521 3268 μάλιστα
536 3191 594 3251 Α“
579 3219 594 3253 ο
614 3194 733 3286 μαλιστα
747 3200 770 3253 Β
826 3205 844 3254 4
858 3196 1039 3287 ρωμαίοις
1008 3202 1039 3271 βε
1042 3202 1127 3287 βαίου
1141 3202 1163 3256 Β

151 3264 353 3395 όάναγόντων
375 3269 401 3323 A
487 3275 503 3323 6
527 3270 649 3340 παρέσχε
673 3266 705 3325 τό
724 3290 825 3360 μηκετι
847 3272 872 3324 Α
903 3266 1025 3339 ἠγάγετο
1051 3268 1163 3341 μήτεΒ

153 3346 184 3395 11
205 3338 347 3395 ταύταδὲ
367 3335 587 3431 δὴΒίάλλαΑ
605 3341 654 3395 καί
673 3337 714 3396 ἔτ’
735 3339 805 3396 ἀλλα
819 3341 948 3397 Meineke
1019 3349 1051 3396 14
1071 3361 1165 3398 συνοι-

151 3409 329 3498 κήααντεςΒ
412 3418 445 3468 18
465 3413 593 3498 τέτταρσι
616 3414 641 3466 Α
668 3413 799 3482 τέσσαρσι
821 3414 847 3467 Β,
930 3419 961 3467 19
981 3408 1090 3468 τούτων
1108 3417 1164 3470 τῶν

151 3479 363 3554 πολιτευμάτων
381 3484 407 3538 A
479 3491 511 3538 21
533 3479 723 3552 έφύλαξανΑ
795 3489 830 3538 24
848 3484 905 3539 τάν
924 3481 1058 3554 όωμαίων
1076 3488 1102 3540 A
