2454 3916
542 236 707 286 -Γ-

115 390 372 476 έπιβονλενθελς
403 386 461 459 ὑπ’
491 394 624 480 ἐχθρῶν
658 400 723 461 εἴτε
755 389 775 460 ὅ
802 419 834 461 τι
862 391 904 478 δή
936 414 1015 458 ποτε
1047 388 1130 457 ἀλλο

114 494 239 566 παθῶν
270 493 405 584 ἀφανὴς
436 495 535 584 ἀφνω
567 503 711 583 γίνεται,
743 498 798 565 καλ
827 496 903 565 οὔτε
934 496 994 565 τὸν
1022 494 1130 585 μόρον

115 600 224 672 αὐτοῦ
246 630 297 682 τις
319 601 469 689 ἠδύνατο
492 608 561 671 τῶν
581 603 822 690 προσηκόντων
846 609 1030 689 συμβαλεῖν
1055 600 1132 669 οὔτε

66 746 69 751 ·
113 707 155 779 τδ
179 712 275 795 σῶμα
298 711 461 794 ἐξευρεῖν·
488 707 684 796 ἀχθομένου
708 709 746 777 δὲ
768 713 828 778 τοῦ
852 708 963 796 δήμου
984 709 1041 777 καλ
1065 710 1172 775 δει-4

115 818 187 895 νῶς
208 817 373 903 φέροντος
394 813 565 895 τὸπάθος
586 814 750 895 ὑπονοίας
771 840 806 883 τε
828 813 954 895 πολλὰς
971 815 1027 882 καὶ
1049 812 1159 882 κατάε

114 925 253 990 πολλῶν
275 919 525 1008 λαμβάνοντος,
552 921 820 1007 κατανοήσαντες
845 919 907 1007 τὴν
935 917 1044 1008 ὁρμὴν
1071 925 1132 988 τοῦ

117 1026 276 1114 πλήθους
308 1029 343 1095 oc
372 1030 433 1095 τοῦ
464 1033 623 1114 Μαρκίου
654 1031 785 1114 παῖδες,
817 1029 870 1096 ἐπὶ
901 1025 961 1097 τὸν
993 1029 1132 1113 βασιλέα

120 1132 315 1223 Ταρκύνιον
342 1130 405 1218 τὴν
434 1131 598 1218 διαβολὴν
625 1137 686 1201 τοῦ
718 1132 823 1219 ἄγους
852 1131 1020 1222 ἀνέφερον
1048 1131 1131 1201 ἀλλο

116 1240 181 1329 μὲν
204 1237 311 1308 οὐδέν
339 1244 472 1325 ἔχοντες
498 1241 615 1327 φέρειν
642 1243 700 1325 της
730 1243 890 1326 διαβολῆς
918 1238 995 1308 οὔτε
1018 1238 1132 1326 τεκμη-

116 1373 197 1436 ριον
220 1343 297 1414 οὔτε
321 1359 475 1433 σημεῖον,
504 1346 583 1414 δνσὶ
611 1344 648 1413 δὲ
675 1359 746 1425 τοῖς
772 1345 877 1413 είκόσι
899 1345 1032 1425 τούτοις
1053 1372 1132 1431 κρα-
1147 1373 1172 1412 ιο

62 1450 306 1539 σοοτυνόμενοι
324 1456 458 1541 πρῶτον
481 1455 554 1539 μέν,
579 1450 630 1520 ὅτι
648 1450 756 1519 πολλοὶ
778 1452 834 1519 καὶ
855 1449 956 1520 καινά
973 1453 1049 1536 περὶ
1070 1450 1131 1538 τὴν

116 1562 289 1629 πολιτείαν
327 1555 517 1645 διεγνωκὼς
552 1572 761 1645 παρανομεῖν
797 1556 858 1626 τὸν
891 1558 1133 1645 ἐναντιωσόμε-

117 1692 184 1735 νον
215 1663 327 1753 ῶσπερ
364 1664 417 1732 ἐπὶ
448 1667 516 1732 τῶν
547 1666 721 1753 προτέρων
755 1666 790 1732 έκ
822 1668 939 1733 ποδῶν
975 1663 1132 1750 ἐβούλετο

116 1769 349 1858 ποιήσασθαι,
391 1775 502 1838 ἔπειτα
539 1769 590 1840 ότι
628 1775 744 1840 δεινοῦ
784 1770 919 1850 πόθους
953 1770 1134 1858 γεγονότος

119 1875 283 1964 οὐδεμίαν
315 1875 494 1963 ἐποιήσατο
525 1881 594 1945 τῶν
627 1877 841 1967 δεδρακότων
874 1876 1024 1964 ζήτησιν,
1056 1875 1130 1946 ἀλλ’
1148 1899 1174 1941 ιε

118 1982 257 2073 ἀμελείᾳ
279 1985 450 2072 παρέδωκε
473 1982 510 2052 τὸ
534 1987 703 2071 πραχθέν,
730 1984 812 2071 ὅπερ
842 1982 903 2054 οὐκ
930 1981 972 2053 ἀν
995 1989 1137 2071 ποιῆσαί

117 2116 197 2160 τινα
219 2093 288 2158 τῶν
312 2092 373 2171 ἔξω
395 2093 454 2175 τῆς
476 2094 583 2169 αίτίας
605 2089 837 2177 ὑπαρχόντων.
881 2090 1133 2173 παρασκευασά-
1152 2088 1173 2154 5

120 2222 219 2285 μενοι
252 2196 290 2264 δὲ
321 2195 466 2282 μεγάλας
498 2198 660 2283 ἑταιρείας
690 2197 766 2285 περὶ
797 2194 921 2277 αὑτοὺς
949 2203 1132 2282 πατρικίων

119 2330 156 2372 τε
188 2302 245 2370 καὶ
276 2305 481 2389 δημοτικῶν,
516 2297 567 2383 οἷς
597 2302 656 2383 τὰς
691 2305 819 2372 ἑαυτῶν
853 2300 968 2382 οὐσίας
994 2329 1133 2389 κατηγο-

120 2407 263 2497 ρήγουν,
280 2407 410 2495 πολλὴν
434 2409 610 2477 ἐποιοῦντο
633 2413 695 2478 τοῦ
717 2414 907 2494 Ταρκυνίου
927 2415 1132 2495 κατηγορίαν
1148 2431 1174 2470 νο

118 2516 178 2585 καὶ
204 2519 250 2607 τῷ
279 2513 373 2606 δημφ
401 2514 577 2604 παρῄνουν
605 2514 650 2603 μὴ
678 2520 841 2601 περιορῶν
868 2515 978 2600 ἄνδρα
1008 2513 1134 2601 μιαρὸν

120 2625 227 2709 ίεροϊς
252 2648 287 2690 τε
313 2624 550 2711 προσφέροντα
577 2622 636 2704 τάς
663 2637 775 2712 χεῖρας
805 2623 861 2690 καὶ
887 2620 949 2708 τὴν
978 2622 1133 2701 ἐξουσίαν

121 2732 301 2816 μιαίνοντα
336 2728 393 2795 καὶ
423 2726 515 2796 ταῦτ’
551 2726 613 2796 οάκ
650 2727 830 2817 ἐπιχῶριον
862 2726 934 2795 ἀλλ’
970 2726 1134 2814 ἐπήλυτον

122 2833 206 2904 ὅντα
227 2834 284 2901 καὶ
313 2831 444 2901 ἀπολιν.
484 2837 623 2903 τοιαῦτα
645 2832 726 2901 κατὰ
750 2831 812 2920 τὴν
835 2831 963 2923 ἀγοράν
988 2836 1134 2920 δημηγο-
1153 2839 1173 2903 6

122 2944 262 3027 ροῶντες
283 2937 406 3024 ἀνδρες
428 2939 539 3025 ίταμολ
565 2940 622 3007 καὶ
648 2941 759 3026 λέγειν
788 2936 850 3008 οὐκ
872 2937 1035 3009 ἀδύνατοι
1057 2948 1134 3008 πολ·
1148 2960 1175 3002 νε

121 3042 205 3125 λοάς
227 3043 289 3132 μὲν
308 3042 477 3131 Ιἠρέθισαν
494 3049 563 3114 τῶν
583 3050 784 3134 δημοτικῶν,
808 3045 1134 3133 οἳπαραγενόμενον

195 3210 214 3259 4
233 3198 354 3274 *εὑρεῖν
372 3205 395 3288 Β
415 3201 586 3274 ίφενρεινΒ
656 3212 689 3261 10
708 3201 817 3269 τούτοις
834 3212 894 3268 τοῖς
913 3208 1000 3260 είκοοι
1016 3203 1038 3257 O
1053 3221 1134 3289 prae-

121 3275 208 3332 terB
281 3282 314 3329 11
333 3276 444 3362 πρῶτον
463 3274 557 3344 μὲνΒ
581 3294 634 3332 om.
653 3277 678 3332 R
689 3297 737 3365 πρ
739 3273 800 3349 ῶτῳ
826 3294 849 3332 ο.
869 3276 970 3331 Βκίελῐθ
976 3277 991 3363 Ι
1007 3273 1135 3330 καινάΒ

122 3341 208 3402 κοινοὶ
226 3347 252 3401 Β
269 3342 395 3402 δεινάο.
414 3345 517 3401 Reiske
591 3355 623 3403 13
642 3368 679 3416 πρ
682 3346 746 3415 ότερ
748 3368 781 3402 ον
783 3333 845 3401 Bb
918 3353 951 3402 18
972 3342 1136 3414 εταιρίαςΑ

123 3422 158 3473 21
177 3418 314 3488 περιορᾶν
331 3417 474 3503 Kiessling
492 3369 679 3506 παρορᾶνΟρ
731 3369 775 3474 t’23
795 3411 860 3472 οόδ’
881 3435 904 3473 ο.
923 3415 1051 3473 Hertlein
1065 3417 1135 3473 Her·

123 3503 185 3544 meu
201 3488 227 3543 X
245 3507 272 3558 p.
287 3494 339 3543 412
356 3489 361 3560 Ι
378 3483 517 3557 έπήλυτόν
536 3509 601 3544 τινα
619 3485 726 3544 όνταΟ
745 3491 894 3559 μτοθλθτΒ
951 3493 984 3543 25
1004 3486 1096 3543 ίτανολ
1110 3492 1136 3543 Α

176 3596 275 3638 mom.
289 3597 354 3637 Eu.
367 3596 386 3636 1.
400 3605 440 3636 ιο.
452 3597 555 3639 σκοοετ.
942 3585 975 3634 26
