2454 3916
499 207 663 260 ,Β-

75 364 230 454 διῶριζεν
253 362 317 434 ἀπὸ
340 369 409 435 τῶν
432 364 571 454 ἀσήμων
594 367 650 434 καὶ
668 371 837 434 ταπεινῶν
859 367 915 434 καὶ
938 364 1086 455 ἀπόρων.

22 471 186 544 ιονέκοίλει
212 472 249 541 δὲ
270 471 350 553 τοὺς
372 473 434 560 μὲν
458 475 494 541 ἐν
519 476 559 562 τῇ
582 475 822 563 καταδεεστέρᾳ
844 473 928 562 τύχη
951 480 1086 561 πληβεί-

71 605 142 666 ους,
162 577 208 660 ῶς
227 578 259 647 δ’
276 575 319 649 ῶν
331 578 491 666 Ἕλληνες
509 587 635 648 εἴποιεν
656 578 870 668 δημοτικούς·
896 577 975 660 τοὺς
995 579 1025 648 δ’
1048 583 1084 649 ἐν

68 691 109 774 τῇ
132 692 300 774 κρείττονι
327 687 469 771 πατέρας
497 695 562 754 είτε
593 683 649 754 διδ
680 685 718 754 τὸ
746 685 945 772 πρεσβεύειν
973 685 1085 778 ἡλικίᾳ

67 797 138 861 τῶν
162 792 286 880 ἄλλων,
311 791 378 862 εἶθ’
401 790 451 862 ὅτι
470 796 586 871 παῖδες
605 791 720 872 αὐτοῖς
742 785 841 880 ἦσαν,
864 801 929 860 είτε
949 789 1005 859 διὰ
1022 791 1085 881 τὴν
1113 821 1125 861 5

69 897 273 986 ἐπιφάνειαν
295 902 358 967 τοῦ
381 900 514 984 γένους,
538 906 602 965 είτε
627 895 683 964 διὰ
701 898 809 966 πάντα
832 901 950 966 ταῦτα·
974 901 1009 967 ἐκ
1026 903 1086 987 τῆς

65 1003 261 1091 Ἀθηναίων
293 1010 477 1091 πολιτείας,
509 1002 555 1085 ῶς
585 1003 629 1072 ῶν
660 1032 710 1084 τις
737 1003 893 1092 εἰκάσειε,
925 1008 984 1093 της
1010 1004 1082 1075 κατ’

68 1114 202 1180 ἐκεῖνον
229 1109 289 1180 τὸν
318 1110 445 1198 χρόνον
473 1117 521 1180 έτι
550 1111 775 1199 διαμενούσης
805 1108 842 1180 τὸ
873 1110 1085 1200 παράδειγμα

68 1216 194 1304 λαβῶν.
240 1219 363 1285 ἐκείνοι
391 1217 453 1305 μὲν
481 1216 545 1306 γὰρ
574 1222 621 1297 είς
650 1217 712 1285 δύο
741 1218 823 1306 μέρη
853 1224 1027 1306 νείμαντες
1047 1213 1126 1289 τὸ2

69 1329 202 1413 πλῆθος
232 1322 431 1408 εὐπατρίδας
468 1324 529 1412 μὲν
562 1323 706 1394 ἐκάλουν
738 1322 817 1405 τοὺς
849 1327 884 1392 ἐκ
915 1329 984 1393 τῶν
1017 1327 1085 1394 ἐπι·
1100 1355 1126 1394 10

70 1435 192 1520 φανῶν
217 1439 319 1500 οίκων
337 1431 393 1498 καὶ
411 1431 555 1519 χρήμασι
576 1431 753 1517 δυνατούς,
774 1425 825 1511 οἷς
842 1428 863 1518 ἡ
882 1434 940 1518 τῆς
958 1432 1086 1513 πόλεως

69 1537 221 1608 ἀνέκειτο
249 1543 452 1629 προστασία,
479 1536 660 1626 ἀγροίκους
683 1538 720 1606 δέ
743 1535 823 1617 τοὺς
845 1536 969 1619 ἄλλους
991 1545 1085 1608 πολί·

69 1673 138 1732 τας,
164 1651 200 1714 οἳ
218 1648 287 1713 τῶν
309 1648 435 1713 κοινῶν
460 1643 600 1725 οὐδενὸς
622 1636 710 1732 ἦσαν
733 1644 862 1733 κύριοι·
885 1643 949 1713 σὺν
972 1645 1084 1738 χρόνῳ

71 1751 109 1820 δὲ
121 1752 178 1821 καὶ
198 1743 292 1821 οὗτοι
305 1751 595 1840 προσελήφθησαν
614 1753 667 1821 ἐπὶ
686 1751 745 1833 τὰς
763 1750 875 1841 ἀργός.
910 1755 945 1820 οί
961 1751 1023 1839 μὲν
1043 1752 1084 1841 δὴ
1100 1755 1120 1819 3

68 1856 110 1927 τὰ
129 1856 349 1955 πιθανώτατα
367 1858 442 1942 περὶ
460 1862 519 1946 τῆς
532 1856 705 1945 Ῥωμαίων
724 1863 892 1939 πολιτείας
911 1862 1084 1947 ίστοροῦν-
1099 1887 1124 1928 15

68 1991 122 2045 τες
146 1961 203 2032 διὰ
224 1963 347 2044 ταύτας
364 1962 423 2044 τὰς
440 1969 548 2045 αίτίας
564 1968 738 2052 κληθῆναί
752 1985 836 2053 φασι
859 1962 939 2045 τοδς
957 1963 1086 2054 ῶνδρας

70 2073 219 2150 ἐκείνους
251 2073 394 2160 πατέρας
424 2072 480 2139 καὶ
512 2069 591 2150 τοὺς
628 2071 789 2157 ἐκγόνους
820 2070 933 2141 αὐτῶν
970 2097 1085 2161 πατρι-

67 2183 179 2263 κίους,
211 2181 246 2245 οί
268 2177 305 2245 δέ
327 2176 412 2265 πρὸς
432 2175 494 2246 τὸν
518 2182 609 2246 ίδιον
632 2178 770 2265 φθόνον
794 2177 1025 2267 ἀναφέροντες
1045 2178 1084 2249 τδ

22 2288 209 2372 ὄσπρῶγμα
238 2285 294 2352 καὶ
323 2283 562 2370 διαβῶλλοντες
590 2289 637 2364 είς
666 2287 865 2371 δυσγένειαν
892 2283 954 2372 τὴν
984 2285 1084 2354 πόλιν

68 2388 110 2459 οὐ
139 2388 196 2458 διὰ
227 2394 332 2458 ταῦτα
358 2396 553 2479 πατρικίους
576 2393 736 2471 ’Ϊέκείνους
766 2395 942 2478 κληθῆναί
967 2411 1084 2479 φασιν,
1098 2421 1125 2462 το

67 2495 141 2566 ἀλλ’
169 2494 220 2566 ὅτι
243 2498 386 2586 πατέρας
415 2495 507 2585 εἶχον
536 2496 709 2579 ἀποδείξαι
738 2497 854 2584 μόνοι,
884 2495 930 2577 ῶς
955 2501 1023 2566 τῶν
1046 2526 1084 2585 γε

67 2602 181 2673 ῶλλεον
210 2607 383 2695 δραπετῶν
412 2602 523 2672 ὄντων
552 2605 608 2672 καὶ
641 2602 702 2673 οὐκ
734 2603 882 2692 ἐχόντων
918 2603 1084 2693 ὀνομάσαι

66 2713 210 2799 πατέρας
239 2713 448 2800 ἐλευθέρους.
498 2710 679 2799 τεκμήριον
708 2711 745 2779 δέ
774 2710 896 2780 τούτου
920 2714 1124 2801 παρέχον-4

66 2837 134 2904 σιν,
159 2815 211 2887 ότι
234 2817 312 2898 τοὺς
331 2817 392 2905 μὲν
415 2825 621 2907 πατρικίους,
647 2816 745 2888 ὁπότε
765 2818 872 2900 δόξειε
895 2832 966 2899 τοῖς
988 2826 1084 2907 βασι-

68 2927 161 2992 λεῦσι
186 2932 380 3010 συγκαλεῖν,
409 2927 445 2992 οί
464 2924 607 3013 κήρυκες
630 2926 663 3006 ἐξ
692 2923 858 3013 ὀνόματός
884 2953 920 2994 τε
943 2927 998 2994 καὶ
1021 2953 1081 2996 πα·
1095 2964 1121 3005 25

67 3028 193 3118 τρόθεν
225 3027 454 3118 ἀνηγόρευον,
491 3028 569 3111 τοὺς
608 3031 645 3099 δέ
682 3029 883 3119 δημοτικοδς
919 3030 1081 3122 ὑπηρέται

68 3136 156 3216 τινες
184 3133 337 3223 ἀθρόους
362 3139 479 3225 κέρασι
506 3142 633 3224 βοείοις
659 3141 913 3225 ἐμβυκανῶντες
943 3140 995 3207 ἐπὶ
1022 3138 1081 3219 τδις

138 3332 350 3456 λπληὶξίουςΒ
416 3338 449 3386 14
467 3333 517 3387 καὶ
536 3333 632 3390 om.B
695 3340 730 3389 20
749 3333 886 3403 *φαοιΟ
935 3337 984 3386 Ἢ
1003 3351 1079 3394 τινες

71 3396 173 3487 ἀθρόοι
191 3401 217 3455 Α
228 3445 254 3528 Β,
274 3419 343 3458 corr.
362 3403 464 3459 Reiske
490 3398 618 3474 ῶδρόους
635 3405 686 3459 καὶ
703 3404 804 3474 κέρασι
820 3403 958 3459 Bfieheler
973 3404 978 3469 Ι
996 3397 1046 3474 έκβ
1066 3433 1078 3441 -

72 3491 210 3536 κανωντες
