2454 3916
159 235 226 302 250
584 234 749 287 -Β-

159 423 239 480 νου,
267 399 410 463 Αἰνείου
438 392 490 478 δὲ,
523 391 572 462 ὅτ’
602 397 727 478 ἔφυγεν
759 393 797 460 ἐκ
826 396 886 478 τῆς
915 392 1083 478 Τρωάδος
1110 392 1179 482 ἅμα

158 517 229 582 τοῖς
251 501 366 581 ἀλλοις
391 502 447 569 καὶ
473 503 577 568 ταῦτα
599 504 800 586 κομίσαντος
827 503 876 578 είς
894 495 1057 585 Ἰταλίαν,
1083 503 1122 568 οί
1141 499 1178 568 δὲ

158 607 196 678 τὸ
225 606 375 687 διοπετὲς
401 604 600 675 Παλλάδιον
632 603 879 692 ἀποφαίνοντες
906 602 995 673 εἶναι
1026 603 1067 674 τό
1095 602 1175 694 παρ’

157 713 291 785 Ἰλιεῦσι
317 714 519 803 γενόμενον,
547 710 592 794 ὡς
619 717 761 784 Αἰνείου
787 717 990 801 κομίσαντος
1018 709 1104 781 αῦτὸ
1128 710 1176 780 δι’

120 849 133 891 ι
161 825 351 911 ἐμπειρίαν,
379 819 521 908 Ἀχαιῶν
554 819 592 888 δὲ
623 817 661 888 τό
693 824 824 907 μίμημα
858 814 966 887 αῦτοῦ
996 817 1178 905 λαβόντων

158 933 280 1018 κλοπῇ·
315 928 391 1016 περὶ
428 917 470 995 οῦ
505 927 624 995 πολλοὶ
660 925 796 1013 σφόδρα
836 934 988 1012 είρηνται
1022 939 1178 1012 ποιηταῖς

120 1037 140 1102 6
158 1062 193 1103 τε
216 1036 272 1103 καὶ
295 1036 527 1121 συγγραφεῦσι
549 1032 654 1119 λόγοι.
695 1030 760 1118 ἐγῶ
785 1031 822 1100 δὲ
843 1029 883 1100 τὸ
901 1030 964 1118 μέν
987 1029 1082 1100 εἷναί
1100 1059 1177 1101 τινα

157 1155 230 1220 τοῖς
251 1147 389 1220 πολλοῖς
415 1138 524 1227 ἀδηλα
552 1137 624 1228 ίερά
647 1138 884 1226 φυλαττόμενα
909 1134 978 1206 ὑπὸ
999 1141 1071 1205 τῶν
1094 1163 1177 1227 παρ-

158 1249 275 1316 θένων
296 1243 417 1315 καλ-οῦ
439 1244 478 1315 τὸ
501 1250 568 1331 πῦρ
596 1244 705 1332 μόνον
733 1246 770 1313 ἐκ
795 1247 931 1312 πολλῶν
958 1242 1052 1312 πάνυ
1078 1272 1178 1315 κατα-

120 1383 145 1422 ιο
158 1352 387 1441 λαμβάνομαι,
417 1358 495 1421 τίνα
527 1352 566 1420 δὲ
598 1350 691 1421 ταῦτ’
727 1356 818 1421 ἐστιν
856 1348 918 1419 οῦκ
951 1348 1035 1432 ἀξιῶ
1073 1360 1177 1421 πολυ

158 1474 365 1549 πραγμονεῑν
403 1457 475 1529 οὔτ’
506 1456 651 1548 ἐμαυτὸν
688 1457 765 1527 οῦτε
802 1456 908 1526 ἀλλον
944 1456 1072 1526 οῦδένα
1107 1463 1176 1528 τῶν

158 1570 378 1655 βουλομένων
401 1565 441 1636 τὰ
463 1564 547 1654 πρὸς
568 1563 672 1646 θεοὺς
694 1563 772 1634 ὅσια
793 1579 917 1653 τηρεῖν.
1017 1648 1026 1667 ·

167 1676 194 1718 '
248 1676 381 1744 LXVIL
413 1676 461 1742 Αί
483 1673 521 1741 δὲ
543 1672 794 1761 θεραπεύουσαι
815 1670 879 1759 τὴν
899 1669 985 1741 θεὸν
1006 1675 1177 1761 παρθένοι

158 1784 311 1869 τέτταρες
337 1779 400 1868 μὲν
426 1772 514 1867 ἦσαν
541 1777 613 1848 κατ’
643 1776 747 1869 ἀρχὰς
777 1783 847 1848 τῶν
873 1780 1042 1865 βασιλέοιν
1072 1777 1177 1859 αῦτάς

121 1915 147 1955 ιι
161 1889 374 1975 αἱρουμένων
402 1874 457 1974 ἐφ’
487 1880 539 1966 οἷς
567 1885 790 1974 κατεστήσατο
823 1890 967 1965 δικαίοις
998 1883 1017 1954 ό
1046 1885 1177 1974 Νόμας,

159 1992 304 2083 ὕστερον
328 1992 366 2061 δέ
389 1989 446 2061 διὰ
468 1996 600 2079 πλῆθος
618 1997 687 2061 τῶν
711 1996 912 2080 ἱερουργιῶν
937 1987 978 2071 ἀς
1000 1993 1221 2062 ἐπιτελοῦντι

160 2120 217 2170 σιν
249 2104 283 2184 ἓξ
315 2100 495 2188 γενόμεναι
526 2103 623 2188 μέχρι
654 2103 716 2169 τοῦ
747 2096 828 2168 καθ’
857 2100 944 2187 ἡμᾶς
976 2101 1177 2187 διαμένουσι

160 2207 288 2296 χρόνον
326 2211 459 2276 δίαιταν
497 2213 632 2295 Ιἔχουσαι
672 2205 762 2294 παρὰ
801 2211 842 2296 τῇ
877 2209 965 2299 θεῷ,
1004 2211 1092 2275 ἔνθα
1131 2205 1175 2275 δι’

161 2312 288 2403 ἡμέρας
309 2314 372 2403 μὲν
395 2312 508 2394 οὐδεὶς
529 2311 720 2400 ἀπείργεται
742 2317 811 2382 τῶν
834 2315 1056 2400 βουλομένων
1080 2315 1178 2384 είσιέ-

120 2447 147 2487 ιο
160 2448 233 2508 ναι,
265 2420 398 2508 νῦκτωρ
432 2419 470 2488 δὲ
503 2417 620 2489 οῦδενλ
650 2423 719 2488 τῶν
746 2417 900 2510 ἀρρένων
929 2421 1179 2490 ἐναυλίσασθαι

121 2528 268 2616 2θέμις.
313 2527 440 2616 χρόνον
469 2527 507 2595 δέ
532 2530 770 2614 τριακονταετῆ
798 2529 914 2614 μένειν
942 2523 1046 2605 αῦτὰς
1075 2524 1179 2614 ἀναγ-

159 2649 259 2703 καῖον
282 2631 388 2720 ἁγνὰς
414 2633 532 2721 γάμων
559 2631 799 2719 θυηπολούσας
824 2658 861 2700 τε
887 2633 944 2700 καλ
965 2623 1070 2700 τάλλα
1093 2643 1180 2722 θρη-

161 2740 346 2822 σκευούσας
363 2738 445 2809 κατὰ
464 2740 585 2828 νόμον,
608 2741 646 2807 ἐν
668 2734 695 2831 ᾧ
720 2740 799 2808 δέκα
818 2738 880 2827 μὲν
904 2744 959 2826 ἐτη
983 2740 1178 2826 μανθάνειν

161 2846 264 2928 αῦτάς
291 2850 374 2933 ἔδει,
403 2849 482 2919 δέκα
511 2845 543 2914 δ’
569 2849 730 2916 ἐπιτελεῖν
757 2845 797 2915 τὰ
821 2845 910 2935 ίερά,
940 2843 982 2915 τὰ
1011 2845 1049 2914 δλ
1076 2844 1179 2916 λοιπὰ

121 2976 147 3019 νε
163 2957 243 3024 δέκα
265 2954 438 3023 διδάσκειν
469 2954 589 3042 ἑτέρας.
635 2956 906 3042 ἐκπληρωθείσης
934 2951 971 3020 δέ
999 2956 1060 3040 τῆς
1086 2979 1179 3043 τρια·

81 3124 92 3138 J
161 3066 354 3140 κονταετίοις
391 3059 493 3130 οὐδέν
529 3052 573 3147 ἦν
609 3060 648 3130 τὸ
683 3064 839 3129 κωλῦσον
874 3056 934 3140 τὰς
969 3064 1181 3148 βουλομένας

161 3165 346 3249 ἀποθείσας
371 3164 413 3236 τά
441 3169 607 3254 στέμματα
634 3168 689 3235 καλ
718 3164 760 3235 τά
786 3163 887 3234 λοιπά
914 3164 1096 3254 παράσημα
1119 3172 1179 3256 τῆς

235 3357 315 3419 Ῑῦτ’
336 3361 486 3433 ἔφυγενΑ
504 3354 552 3416 ὅτε
573 3359 595 3417 έ.
614 3363 640 3416 R
710 3355 818 3416 λαῦτὸ
838 3362 861 3416 Β
880 3362 979 3418 omR
1048 3367 1083 3419 18
1103 3361 1178 3420 ἔνθα

162 3432 197 3504 δὴ
217 3436 264 3490 Bb
288 3433 415 3490 defendiss
437 3432 527 3488 Cobet
549 3431 614 3489 Obs.
637 3452 665 3504 p.
685 3439 719 3488 53
796 3437 832 3487 25
854 3433 905 3503 τῆς
927 3449 981 3489 om.
1005 3433 1037 3504 Β,
1062 3438 1177 3492 auctore

162 3505 311 3561 Ambrosio
330 3507 356 3559 A
427 3510 462 3561 26
480 3500 608 3560 κωλῦσον
626 3505 652 3558 Α
