2454 3916
510 219 674 293 -αᾗ
897 305 903 312 ¹
1034 216 1096 282 ιιι

142 386 168 428 >
194 381 298 448 XVII.
327 376 374 446 Τά
394 377 432 448 δὲ
449 374 624 464 Ἑλλήνων
640 381 703 464 ἔθη
717 375 807 464 παρὰ
820 380 925 446 ταῦτα
939 376 1097 461 ἐξετάζων

83 484 145 556 οὐκ
169 490 232 574 ἔχω
255 489 325 565 πῶς
354 486 518 553 ἐπαινέσω
545 482 586 552 τά
613 511 648 553 τε
671 487 951 571 Λακεδαιμονίων
978 482 1098 554 καὶτὰ

82 597 151 663 τῶν
175 595 334 679 Θηβαίων
356 592 413 660 καὶ
438 595 507 659 τῶν
532 591 691 678 μέγιστον
716 591 770 659 έπί
796 595 900 682 σοφίᾳ
926 591 1097 681 φρονούν-

82 726 150 770 των
171 697 375 786 Ἀθηναίων,
400 703 436 766 οἳ
455 696 681 784 φυλάττοντες
698 694 737 766 τὸ
754 695 888 784 εὐγενὲς
905 699 961 767 καί
976 699 1099 786 μηδενὶ

82 804 318 894 μεταδιδόντες
351 810 382 873 εί
413 803 457 891 μὴ
491 809 647 884 σπανίοις
676 807 735 891 τῆς
766 802 844 888 παρ’
876 804 1007 885 ἕαεποῖς
1037 829 1096 874 πο·
1124 822 1138 863 ⁵

82 915 205 992 λιτείας
232 912 291 1001 (έῶ
319 910 382 1000 γάρ
410 913 521 998 λέγειν
550 908 604 980 ότι
631 911 688 978 καὶ
718 912 975 997 ξενηλατοῦντες
996 912 1098 1003 ένιοι)
1223 988 1224 991 χ

82 1017 165 1104 πρὸς
191 1021 238 1110 τῷ
267 1017 374 1104 μηδὲν
401 1015 591 1086 ἀπολαῦσαι
618 1016 741 1104 ταύτης
767 1022 827 1105 τῆς
853 1023 1098 1107 μεγαληγορίας

82 1123 216 1211 ἀγαθὸν
238 1122 357 1193 καὶτὰ
381 1127 519 1212 μέγιστα
543 1122 589 1191 δι’
615 1122 721 1210 αὐτὴν
745 1123 945 1211 ἐβλάβησαν.
982 1125 1136 1212 &cap-2

81 1237 191 1300 τιάται
214 1233 276 1319 μέν
299 1257 336 1318 γε
358 1235 557 1310 πταίσαντες
584 1228 672 1318 μάχη
700 1234 740 1319 τῇ
766 1231 843 1319 περὶ
867 1234 1035 1320 Λεῦκτρα,
1058 1235 1096 1300 έν

82 1330 103 1428 ᾖ
130 1343 260 1426 χιλίους
285 1338 341 1406 καὶ
370 1337 587 1416 ἑπτακοσίους
613 1335 742 1424 ἄνδρας
770 1336 957 1424 άπέβαλον,
986 1337 1097 1408 οὐκέτι
1112 1363 1138 1406 10

81 1442 144 1532 τὴν
166 1443 268 1513 πόλιν
290 1443 517 1532 ἠδυνήθησαν
540 1445 576 1512 ἐκ
598 1447 657 1530 τῆς
679 1448 858 1533 συμφοράς
875 1444 998 1532 ταύτης
1014 1441 1096 1513 άνα-

82 1557 214 1638 λαβεῖν,
241 1549 315 1619 ἀλλ’
342 1549 533 1638 άπέστησαν
559 1554 619 1637 τῆς
645 1548 827 1638 ἡγεμονίας
853 1549 918 1620 σὺν
942 1550 1097 1641 αἰσχύνη.

82 1663 225 1744 Θηβαῖοι
245 1656 283 1725 δὲ
303 1657 360 1724 καὶ
371 1655 547 1743 Ἀθηναῖοι
566 1658 600 1738 ἐξ
620 1656 696 1738 ἑνὸς
713 1662 775 1727 τοῦ
793 1658 870 1745 περὶ
883 1657 1097 1745 Χαιρώνειαν

81 1762 290 1851 ἀτυχήματος
313 1761 380 1849 ἅμα
402 1760 466 1849 τήν
488 1788 523 1831 τε
545 1769 755 1851 προστασίαν
782 1775 840 1852 της
858 1762 1019 1846 Ἑλλάδος
1040 1766 1098 1834 καὶ

81 1867 143 1957 τὴν
166 1872 365 1957 ἐλευθερίαν
388 1867 451 1956 τὴν
477 1867 619 1955 πάτριον
642 1867 709 1939 ὑπὸ
728 1871 943 1940 Μακεδόνων
971 1869 1096 1961 άφηρέ-
1110 1894 1137 1934 ιτ

26 1986 209 2062 κ’λιθησαν.
250 1973 270 2062 ἡ
291 1974 329 2044 δὲ
342 1973 515 2062 Ῥωμαίων
533 1972 631 2055 πόλις
649 1978 687 2045 έν
703 1975 830 2068 Ἰβηρίᾳ
847 2003 883 2046 τε
900 1979 957 2047 καὶ
972 1972 1136 2070 Ἰταλίηίδ

81 2084 248 2181 πολέμους
281 2086 403 2169 ἔχουσα
435 2079 600 2168 μεγάλους
635 2089 797 2152 Σικελίαν
828 2110 863 2151 τε
895 2082 1096 2171 ἀφεστῶσαν

82 2188 299 2275 ἀνακτωμένη
321 2189 377 2255 καὶ
396 2186 561 2275 Σαρδόνα
582 2190 639 2256 καὶ
661 2193 730 2257 τῶν
754 2192 792 2258 έν
816 2193 1018 2282 Μακεδονίᾳ
1039 2191 1096 2259 καὶ

80 2294 163 2365 κατά
185 2293 248 2382 τὴν
266 2292 411 2363 Ἐλλάδα
437 2292 642 2382 πραγμάτων
666 2297 990 2382 ἐκπεπολεμωμένων
1012 2295 1097 2384 πρός

82 2400 187 2489 αὐτὴν
210 2403 266 2470 καὶ
284 2401 509 2491 Καρχηδόνος
527 2401 580 2470 ἐπὶ
602 2399 664 2487 τὴν
687 2397 873 2488 ἡγεμονίαν
895 2400 998 2482 πάλιν
1021 2400 1095 2471 άνι-
1109 2424 1136 2466 εο

82 2510 247 2596 σταμένης
264 2509 320 2576 καί
342 2511 401 2594 της
412 2506 552 2587 Ἰταλίας
569 2505 610 2576 ού
630 2507 738 2595 μόνον
761 2505 958 2594 άφεστοόσης
977 2506 1095 2595 ὀλίγου

83 2620 155 2684 δεῖν
178 2614 309 2702 πάσης,
331 2611 415 2681 άλλά
437 2615 493 2681 καί
515 2612 772 2701 συνεπαγούσης
797 2611 858 2682 τὸν
879 2611 1095 2701 Ἀννιβιακδν

81 2724 249 2809 κληθέντα
293 2719 457 2808 πόλεμον,
501 2720 676 2801 τοσούτοις
711 2718 887 2811 περιπετὴς
930 2724 1095 2811 γενομένη

81 2828 254 2908 κινδύνοις
275 2825 358 2896 κατά
381 2828 442 2896 τὸν
461 2825 566 2896 αύτδν
589 2827 716 2916 χρόνον
741 2826 802 2916 οὐχ
826 2825 915 2908 ὅπως
939 2831 1094 2917 ἐκακώθη

82 2934 138 3003 διὰ
165 2932 224 3015 τάς
252 2932 327 3004 τότε
353 2932 469 3020 τύχας,
497 2931 581 3002 άλλά
612 2935 669 3002 καί
696 2936 905 3022 προσέλαβεν
936 2935 1033 3023 ίσχὺν
1061 2939 1095 3020 ἐξ
1109 2965 1135 3008 ετ

83 3041 192 3112 αὐτόν
215 3046 264 3110 ἔτι
287 3045 423 3128 μείζονα
444 3044 503 3128 τῆς
524 3042 688 3132 προτέρας
709 3044 755 3134 τῷ
773 3040 898 3128 πλήθει
916 3046 978 3112 τοῦ
996 3062 1094 3133 στρα-

152 3281 167 3328 2
189 3269 338 3328 ἐπαινέσαι
356 3274 382 3328 Α
397 3275 402 3343 Ι
417 3273 467 3327 καλ
484 3272 540 3327 τῶν
556 3273 588 3326 Θ.
603 3273 626 3326 Β
698 3278 714 3326 9
734 3269 787 3342 μέν
805 3291 837 3340 γε
856 3272 907 3347 μιᾷ
926 3275 1095 3336 πταίσαντες

84 3363 104 3400 ο.
125 3345 213 3401 Cobet
231 3344 296 3400 Obs.
332 3349 388 3399 ‚43
445 3350 478 3399 16
497 3341 539 3406 είς
558 3341 671 3414 ίβηρίαυ
689 3362 720 3398 τε
739 3343 788 3398 καί
807 3343 955 3398 ίταλίανΒ
1011 3349 1043 3397 17
1062 3361 1093 3398 π.

83 3417 244 3488 πολεμοῦσα
271 3433 294 3473 ο.
340 3431 422 3484 αγεεε
447 3413 519 3469 Ann.
538 3414 609 3485 phil.
634 3419 702 3471 1861
730 3432 758 3485 p.
782 3419 799 3470 9
829 3412 932 3484 ἔχουσα
958 3416 1094 3483 πολεμεῖν

84 3504 105 3543 ο.
124 3487 228 3543 Reiske
302 3493 335 3541 19
353 3481 424 3556 πρὸς
443 3481 549 3548 αύτούς
571 3487 625 3540 ΑΒ

134 3596 234 3637 mom.
247 3595 312 3636 Eua.
324 3593 344 3635 L
358 3603 398 3635 κο.
411 3593 514 3635 σιοοετ.
899 3576 931 3642 12
