2454 3916
911 105 929 155 t

558 193 723 244 ..Α-

132 351 313 440 τριάκουτα
336 352 391 419 καί
413 356 639 439 τετρακοσίοις
661 346 871 440 ὑστεροῦσαν
897 353 967 419 των
987 349 1151 418 Ἰλιακάν.

135 455 152 526 ὁ
178 457 216 526 δέ
243 457 366 546 χρόνος
394 449 492 537 οὑτος
520 454 764 546 ἀναμετρηθεὶς
787 472 858 538 ταῖς
877 456 1207 546 Ἐρατοσθένους188

135 570 399 654 χρονογραφίαις
425 562 508 633 κατά
535 563 573 633 τὸ
605 567 740 651 πρῶτον
769 569 841 644 ἐτος
872 570 983 633 πίπτει
1009 568 1068 650 της
1095 563 1152 650 ἑβ-

136 671 243 760 δόμης
267 670 483 761 ὀλυμπιάδος.
520 670 572 740 ὅτι
592 671 632 739 δέ
648 676 735 739 είσιυ
754 674 789 739 οί
804 669 948 751 κανόνες
964 668 1080 758 ὑγιεῖς,
1099 665 1153 749 οἷς

95 777 377 866 ιἘρατοσθένης
409 781 579 868 κέχρηται,
616 780 672 847 καί
703 782 773 858 πῶς
804 776 847 846 άν
879 805 930 858 τις
960 775 1153 846 ἀπευθύνοι

136 885 215 965 τοὺς
242 882 415 974 Ῥωμαίων
448 885 594 973 χρόνους
629 883 712 972 πρὸς
743 883 822 965 τοὺς
848 882 1081 971 Ἑλληνικούς,
1115 885 1154 951 έν

98 995 239 1084 3ἑτέρφ
264 992 454 1079 δεδήλωταί
469 1020 526 1080 μοι
550 992 649 1083 λόγῳ.
691 991 733 1060 οῦ
751 989 815 1080 γάρ
838 989 957 1078 ἠξίουν
979 988 1025 1071 ὡς
1038 988 1155 1058 Πολύ

138 1103 212 1184 βιος
249 1096 267 1166 ὑ
300 1104 579 1185 Μεγαλοπολίτης
614 1102 756 1166 τοσοῦτο
795 1097 905 1186 μόνον
942 1102 1063 1184 εἰπεῖν,
1102 1094 1155 1165 ὅτι

138 1201 220 1272 κατὰ
247 1203 285 1273 τὸ
315 1204 474 1295 δεύτερον
504 1210 576 1286 ἔτος
598 1208 657 1292 τῆς
685 1203 830 1292 ἑβδόμης
860 1202 1068 1293 ὀλυμπιάδος
1090 1201 1156 1291 τὴν

56 1362 60 1369 ·
99 1345 125 1384 10
135 1307 267 1399 Ῥώμην
298 1313 449 1380 ἐκτίσθαι
476 1316 654 1400 πείθομαι,
683 1309 757 1381 οόδ’
788 1313 841 1380 ἐπί
872 1315 933 1380 τοῦ
965 1309 1056 1399 παρὰ
1084 1325 1158 1390 τοῖς

140 1416 331 1507 ἀρχιερεῦσι
353 1421 510 1507 κειμένου
532 1425 674 1499 πίνακος
702 1417 778 1499 ἑνὸς
799 1420 855 1486 καὶ
879 1418 989 1506 μόνον
1011 1414 1074 1504 τὴν
1098 1423 1213 1490 πί-189

142 1543 216 1593 στιν
235 1523 463 1612 ἀβασάνιστον
486 1534 690 1612 καταλιπεῖν,
709 1524 794 1595 ἀλλά
811 1524 890 1606 τοῦς
911 1523 1159 1611 ἐπιλογισμούς,

143 1625 193 1710 οἷς
224 1629 325 1711 αότός
355 1633 587 1721 προσεθέμην,
620 1637 668 1713 είς
700 1634 803 1721 μέσον
836 1630 1055 1711 ὑπευθύνους
1086 1646 1160 1711 τοῖς

102 1743 365 1824 4βουληθεῖσιν
394 1740 576 1825 ἐσομένους
604 1741 795 1826 ἐξενεγκεῖν.
841 1736 862 1826 ἡ
890 1738 952 1826 μὲν
977 1729 1040 1806 οὑν
1063 1735 1160 1827 ἀκρί-

102 1878 129 1918 15
143 1849 218 1929 βεια
241 1846 278 1911 ἐν
303 1846 418 1935 ἐκείνω
444 1848 605 1932 δηλοῦται
627 1849 794 1937 τῷλόγῳ,
817 1844 1016 1934 λεχθήσεται
1040 1843 1079 1912 δὲ
1102 1845 1162 1913 καὶ

145 1947 201 2028 διά
224 1953 324 2036 τῆσδε
346 1954 405 2037 τῆς
427 1958 652 2039 πραγματείας
669 1950 753 2021 αῦτά
775 1950 1049 2038 τάναγκαιότατα.
1093 1957 1163 2039 ἔχει

145 2054 183 2123 δὲ
212 2054 330 2136 οὑτως·
366 2054 387 2144 ἡ
417 2063 555 2127 Κελτῶν
589 2063 723 2146 ἔφοδος,
752 2058 832 2127 καθ’
858 2056 903 2147 ἣν
934 2057 956 2147 ἡ
984 2057 1164 2146 Ῥωμαίων

144 2161 240 2242 πόλις
260 2161 356 2249 ἑάλω,
371 2177 601 2252 συμφωνεῖται
615 2163 737 2251 σχεδὸν
756 2163 821 2235 ὑπὸ
840 2164 977 2234 πάντων
996 2164 1165 2255 ἀρχοντος

142 2267 306 2355 Ἀθήνησι
329 2274 533 2358 Πυργίωνος
560 2273 721 2357 γενέσθαι
749 2268 831 2340 κατά
857 2270 895 2340 τὸ
923 2275 1058 2360 πρῶτον
1089 2277 1166 2352 ἔτος

105 2417 132 2456 20
146 2380 205 2462 της
223 2374 347 2463 ὀγδόης
365 2378 421 2444 καὶ
440 2380 660 2465 ἐνενηκοστῆς
674 2376 890 2466 ὀλυμπιάδος.
927 2376 945 2448 ὁ
967 2377 1005 2446 δέ
1022 2374 1166 2467 πρὸτῆς

147 2483 362 2571 καταλήψεως
389 2484 511 2571 χρόνος
538 2481 749 2571 ἀναγόμενος
776 2489 823 2564 είς
845 2483 993 2553 Λεύκιον
1013 2482 1165 2552 Ἰούνιον

147 2594 301 2678 Βροῦτον
338 2591 394 2658 καὶ
425 2589 572 2659 Λεύκιον
609 2589 799 2677 Ταρκύνιον
833 2599 1046 2660 Κολλατῖνον
1083 2590 1166 2672 τοὺς

148 2695 302 2783 πρώτους
324 2694 574 2778 ὑπατεύσαντας
597 2700 634 2766 ἐν
652 2695 761 2786 Ῥώμη
786 2695 866 2785 μετά
888 2696 950 2783 την
972 2699 1218 2766 κατάλυσινιθο

148 2829 217 2871 των
239 2804 405 2889 βασιλέων
434 2809 489 2889 ἐτη
517 2810 732 2892 περιείληφεν
756 2812 862 2872 είκοσι
889 2802 973 2892 πρὸς
995 2806 1108 2884 τοῖς
1091 2831 1166 2874 εκα-

109 2895 219 3042 ἐξιόν.
257 2911 416 2994 δηλοῦται
436 2909 473 2977 δὲ
497 2912 530 2992 ἐξ
548 2909 660 2978 ἀλλων
679 2937 714 2978 τε
728 2914 862 2978 πολλῶν
881 2912 1023 2978 καὶτῶν
1042 2920 1167 2982 καλου-

150 3016 263 3103 μένων
295 3018 476 3102 τιμητικῶν
508 3015 771 3106 ὑπομνημάτων,
808 3013 828 3083 ἀ
867 3019 1054 3103 διαδέχεται
1087 3033 1167 3099 παῖς

223 3256 239 3304 8
264 3248 423 3303 *τοιοῦτον
448 3248 470 3303 0
554 3255 585 3302 ll
615 3243 776 3318 ἀρχιερεῦσι
794 3249 921 3304 Niebuhr
947 3247 1020 3304 Ηίελ.
1045 3265 1114 3303 rom
1139 3249 1167 3301 Ι*

151 3340 183 3446 p.
199 3326 252 3376 254
275 3313 450 3407 ἀγχιστεῦσι
467 3320 520 3374 ΑΒ
593 3325 626 3374 12
645 3324 812 3375 καταλιπεῖν
830 3321 853 3374 Β
872 3317 1024 3375 ἀπολιπεῖν
1042 3321 1068 3373 Β
1132 3326 1165 3373 13

152 3386 348 3454 οςΒοὺςΒ
372 3394 376 3458 1
402 3391 510 3478 προεθέ
512 3410 566 3460 ην
585 3391 631 3446 Bb
704 3397 737 3445 15
760 3392 809 3446 καί
832 3392 928 3447 οω.Β
1006 3396 1039 3445 16
1062 3385 1165 3459 τάναγ.

153 3459 291 3518 καιότατα
310 3463 332 3516 Β
351 3459 386 3516 τά
406 3457 619 3531 ἀναγκαιότατα
636 3463 662 3516 Β
