2454 3916
531 219 698 272 ..p-

106 376 331 448 κινδυνεύειν·
358 374 416 456 τάς
456 375 571 456 πόλεις
612 374 726 463 ὀρθῶς
762 375 914 463 ἐνόμιζεν
953 380 1125 463 εἰρῆσθαι,

107 488 183 574 περὶ
208 485 245 554 δὲ
267 487 326 572 τῆς
349 484 400 552 ἑνί
423 481 509 572 πρὸς
531 483 591 552 ἕνα
613 482 720 570 μάχης
742 485 914 572 διεφέρετο
934 485 1044 569 λέγων
1069 481 1174 556 ὅτιλεκ

107 607 181 674 τοῖς
217 591 279 680 μὲν
315 588 518 678 ἡγουμένοις
548 593 617 658 τῶν
649 592 884 678 στρατοπέδων
917 588 1000 660 ὅταν
1033 594 1127 659 ίδίαν

106 697 414 780 κατασκευάζωνται
458 701 661 766 δυναστείαν
704 695 807 778 καλὸς
845 698 903 766 καὶ
942 694 1129 785 ἀναγκαῖός

67 833 81 875 ι
107 808 200 875 ἐστιν
230 803 248 874 ὁ
279 805 356 893 περὶ
384 807 445 891 τής
473 802 576 891 ἀρχῆς
604 802 690 892 πρὸς
718 801 886 891 ἀλλήλους
915 801 1025 890 ἀγῶν,
1055 819 1128 886 ταῖς

108 912 146 981 δὲ
172 911 313 980 πόλεσιν
337 908 453 991 αύταίς
480 908 618 979 ἐπειδάν
645 908 729 998 ὑπὲρ
756 902 827 978 τῶν
854 916 1029 1000 πρωτείων
1055 915 1127 980 δια-

107 1020 278 1108 φέρωνται
314 1014 398 1105 πρὸς
435 1014 580 1103 ἀλλήλας
617 1015 658 1084 ού
690 1016 799 1104 μόνον
835 1015 1006 1105 σφαλερὸς
1041 1016 1128 1087 ἀλλὰ

106 1125 163 1192 καὶ
191 1121 329 1211 αἰσχρὸς
356 1120 374 1191 ὁ
405 1121 461 1191 διά
490 1128 698 1211 μονομαχίας
722 1127 900 1210 κίνδυνος,
924 1123 987 1193 ἐάν
1010 1151 1046 1192 τε
1069 1129 1129 1212 τῆς

107 1237 297 1321 κρείττονος
337 1229 506 1318 λάβωνται
547 1229 649 1318 τύχης
690 1229 750 1298 ἐάν
790 1256 826 1299 τε
865 1234 925 1318 τῆς
964 1237 1127 1320 χείρονος.

108 1346 196 1427 τρείς
233 1337 271 1406 δέ
311 1337 440 1427 ἀνδρας
477 1339 667 1416 ἐπιλέκτους
709 1334 770 1423 ἀφ’
805 1337 961 1423 ἑκατέρας
996 1337 1128 1420 πόλεως

108 1445 355 1532 συνεβούλευεν
387 1442 452 1513 ὑπὸ
484 1443 548 1532 τήν
580 1441 740 1512 ἁπάντων
774 1441 855 1526 ὄψιν
884 1441 1059 1530 Ἀλβανῶν
1090 1472 1127 1514 τε

106 1553 162 1620 καὶ
180 1549 355 1641 Ῥωμαίων
379 1556 660 1638 διαγωνίσασθαι.
699 1537 969 1638 ἐπιτηδειότατον
992 1550 1058 1642 γάρ
1082 1550 1127 1621 εί-

107 1685 164 1726 ναι
187 1658 289 1728 τόνδε
309 1659 371 1728 τὸν
394 1656 546 1745 ἀριθμὸν
574 1662 622 1737 είς
644 1654 778 1726 ἅπασαν
801 1655 1127 1746 ἀμφισβητουμένου

106 1763 299 1851 πράγματος
331 1768 497 1861 διμίρεσιν
530 1762 638 1851 ἀρχήν
669 1789 705 1831 τε
736 1764 792 1831 καὶ
820 1766 905 1851 μέσα
930 1765 988 1833 καὶ
1014 1773 1125 1834 τελευ-

68 1896 94 1938 ιι
107 1869 170 1956 τήν
196 1875 314 1957 έχοντα
337 1872 375 1939 ἐν
399 1871 515 1961 ἐαυτῷ.
556 1868 659 1958 ταύτῃ
677 1871 923 1957 προσθεμένων
946 1874 986 1960 τή
1005 1871 1125 1962 γνώμη

101 1975 275 2063 Ῥωμαίων
298 2002 333 2044 τε
351 1977 406 2043 καὶ
426 1973 599 2062 Ἀλβανῶν
623 1973 643 2043 ὅ
665 2002 701 2044 τε
720 1975 884 2064 σύλλογος
903 1977 1049 2065 διελύθη
1070 1979 1126 2047 καὶ

107 2083 160 2151 ἐπὶ
182 2082 262 2163 τοὺς
285 2086 395 2162 ίδίους
417 2080 567 2172 ἀπήεσαν
592 2082 741 2172 ἑκάτεροι
765 2082 920 2171 χάρακας.

195 2191 286 2258 XIII.
312 2183 451 2258 Ἔπειτα
480 2192 680 2270 καλέσαντες
706 2180 758 2271 είς
782 2181 960 2277 ἐκκλησίαν
982 2190 1043 2271 τάς
1067 2196 1125 2260 δν-

67 1313 90 1377 4

68 1394 95 1440 Ι10

106 2295 224 2385 νάμεις
250 2295 442 2384 ἀμφοτέρας
469 2298 505 2365 οί
530 2297 709 2385 στρατηγοὶ
737 2299 919 2384 διεξῆλθον
947 2294 969 2364 ά
999 2323 1035 2366 τε
1060 2302 1124 2366 διε-

67 2428 94 2470 εο
107 2405 279 2491 λέχθησαν
302 2401 399 2472 αύτολ
421 2400 505 2491 πρὸς
528 2399 695 2490 ἀλλήλους
712 2403 768 2471 καὶ
792 2401 845 2490 ἐφ’
868 2397 919 2484 οἷς
938 2405 1125 2474 συνέθεντο

105 2509 361 2580 καταλύσασθαι
387 2508 448 2578 τὸν
475 2507 633 2596 πόλεμον.
679 2509 961 2598 ἐπικυρωσάντων
990 2511 1029 2579 δὲ
1057 2517 1125 2581 τῶν

106 2617 363 2704 στρατευμάτων
405 2614 606 2704 ἀμφοτέρων
646 2615 729 2684 κατά
765 2614 894 2704 πολλὴν
937 2613 1170 2706 εύδόκησινλω

106 2721 164 2802 τάς
186 2726 255 2791 τῶν
279 2727 474 2812 στρατηγῶν
498 2720 694 2810 ὁμολογίας,
716 2721 897 2811 θαυμαστή
920 2721 1001 2812 μετὰ
1023 2729 1125 2794 τούτο

105 2841 233 2917 κατεῖχε
261 2834 435 2917 φιλοτιμία
461 2829 518 2897 καὶ
546 2826 710 2917 λοχαγούς
736 2830 792 2897 καί
820 2829 1022 2917 στρατιώτας
1045 2840 1126 2901 πολ-

68 2957 95 3000 ει
109 2939 178 3005 λῶν
205 2936 297 3004 πάνυ
323 2938 620 3033 προθυμουμένων
648 2937 886 3022 ἐξενέγκασθαι
915 2935 956 3006 τά
982 2942 1042 3025 τής
1065 2939 1125 3027 μά-

108 3070 168 3132 χης
190 3040 339 3132 ἀριστεῖα
361 3044 418 3112 καὶ
441 3042 483 3112 ού
506 3043 596 3134 λόγῳ
616 3043 876 3125 σπουδαζόντων
895 3042 1016 3132 μόνον,
1040 3044 1126 3115 ἀλλά

106 3151 162 3219 καὶ
200 3154 285 3242 ἔργω
323 3155 515 3238 φιλοτιμίας
554 3146 870 3238 ἀποδεικνυμένων,
910 3149 995 3221 ῶστε
1031 3160 1126 3240 χαλε-

177 3353 194 3402 2
217 3339 274 3417 Ivi]
300 3340 364 3408 ἐνὸς
388 3362 411 3400 c.
436 3344 526 3400 Cobet
549 3345 613 3401 obs.
637 3363 665 3415 p.
690 3351 724 3401 62
805 3351 822 3401 5
846 3341 922 3401 ἐστιν
945 3344 968 3398 Β
997 3344 1077 3403 ἔσται
1101 3348 1126 3403 R

108 3424 141 3473 13
159 3413 245 3473 τόνδε
265 3433 319 3473 om.
338 3416 361 3470 B
377 3417 382 3486 Ι
397 3411 514 3472 ἀπασαν
532 3417 556 3471 Β
579 3417 719 3473 mim
796 3422 831 3471 14
849 3416 935 3487 μέσον
959 3435 982 3473 ο.
1002 3419 1125 3491 Sylburg

107 3493 141 3543 15
159 3486 348 3559 προθεμένων
366 3487 392 3542 A
464 3493 498 3544 27
517 3489 681 3559 φιλοτιμίαν
701 3487 880 3545 0.B1·10heler
