2454 3916
138 194 182 258 34
563 196 727 281 ..Α’-

226 357 330 423 ΧΧΠ.
355 357 399 422 OC
420 354 458 422 δὲ
472 357 609 423 Σικελοὶ
632 354 689 444 (ού
711 353 775 443 γάρ
791 361 838 424 ἔτι
862 354 1012 444 ἀντέχειν
1037 351 1155 425 οἷοίτε

137 453 225 546 ἦσαν
244 458 310 530 ὑπό
327 488 362 529 τε
377 464 563 548 Πελασγῶν
582 462 638 529 καὶ
655 460 876 549 Ἀβοριγίνων
890 461 1154 552 πολεμούμενοι)
1198 492 1201 499 ·

137 569 237 634 τέκνα
251 568 306 635 καί
321 582 482 654 γυναῖκας
497 569 552 636 καὶ
566 572 635 635 τῶν
649 567 827 656 χρημάτων
842 567 906 636 ὅσα
921 567 1044 656 χρυσὸς
1057 565 1078 655 ἧ
1093 567 1154 656 ἀρ-

138 700 242 761 γυρος
269 665 311 762 ἦν
339 672 651 762 ἀνασκευασάμενοι
679 681 852 762 μεθίενται
882 675 996 756 αύτοῑς
1023 673 1156 761 ἀπάσης

112 784 198 868 στῆς
220 785 290 868 γῆς.
316 781 521 869 τραπόμενοι
546 781 584 849 δὲ
608 780 664 850 διά
686 786 745 869 της
767 780 901 870 ὀρεινῆς
924 781 1032 851 έπὶτά
1054 780 1155 849 νότια

138 889 195 955 καὶ
224 886 454 969 διεξελθόντες
481 886 613 957 ἀπασαυ
640 888 783 957 Ἰταλίαν
813 887 875 976 τὴν
902 889 1006 975 κάτω,
1037 884 1154 974 ἐπειδὴ

138 993 353 1080 πανταχόθεν
381 992 637 1080 ἀπηλαύνοντο,
668 992 733 1062 σύν
765 994 876 1087 χρόνῳ
905 993 1154 1064 κατασκευασά-

139 1125 236 1186 μενοι
260 1103 394 1187 σχεδίας
416 1101 470 1168 έπὶ
483 1104 528 1192 τῷ
552 1105 696 1193 πορθμῷ
719 1103 775 1170 καὶ
790 1101 997 1189 φυλάξαντες
1018 1099 1154 1170 κατιόν-

139 1232 179 1275 τα
201 1205 261 1275 τὸν
285 1210 370 1295 ῥούν
393 1205 458 1275 ἀπὸ
481 1211 540 1294 τῆς
559 1207 699 1288 Ἰταλίας
723 1211 884 1297 διέβησαν
904 1211 957 1278 ἐπὶ
978 1206 1040 1295 τὴν
1065 1212 1153 1294 έγγι-
1175 1227 1211 1280 51

99 1291 202 1420 Ξστα
220 1317 338 1401 νῆσον.
375 1327 527 1402 κατεῖχον
552 1313 582 1381 δ’
609 1314 714 1403 αὐτὴν
733 1318 890 1402 Σικανοί,
913 1318 1012 1403 γένος
1031 1313 1154 1401 Ἰβηρι-

138 1419 217 1507 κόν,
246 1418 288 1489 ού
310 1425 421 1514 πολλῷ
449 1421 614 1510 πρότερον
642 1421 892 1508 ἐνοικισάμενοι
915 1428 1044 1509 Λίγυας
1071 1419 1155 1507 φεύ-

137 1553 269 1613 γοντες,
292 1529 349 1596 καὶ
368 1528 621 1616 παρεσκεύασαν
644 1526 703 1615 ἀφ’
730 1530 859 1597 ἑαυτῶν
883 1534 1052 1597 Σικανίαν
1074 1535 1154 1613 κλη-

137 1637 245 1720 θῆναι
271 1631 334 1721 την
362 1637 486 1721 νῆσον,
518 1641 722 1723 Τρινακρίαν
752 1634 919 1723 πρότερον
950 1633 1155 1723 ὀνομαζομέ-

103 1776 104 1780 ’
137 1766 204 1826 νην
229 1740 282 1807 ἐπὶ
304 1744 366 1809 τοῦ
388 1740 557 1827 τριγώνου
580 1742 752 1830 σχήματος.
794 1732 883 1828 ἦσαν
908 1741 945 1809 δὲ
969 1739 1012 1810 ού
1032 1740 1155 1813 πολλοὶ

99 1865 125 1907 1⁵
139 1848 176 1914 ἐν
200 1846 328 1936 μεγάλῃ
352 1845 436 1936 αὐτῇ
456 1847 641 1935 οἰκήτορες,
670 1845 744 1916 ἀλλ’
769 1845 791 1935 ἡ
815 1854 939 1917 πλείων
961 1851 1020 1936 τῆς
1042 1845 1156 1935 χώρας

139 1958 187 2022 ἔτι
218 1946 262 2040 ἦν
287 1959 417 2041 ἔρημος.
460 1958 682 2042 καταχθέντες
712 1946 776 2023 οάν
806 1959 854 2035 είς
882 1953 987 2043 αὐτὴν
1014 1953 1156 2023 Σικελοὶ

136 2059 176 2129 τὸ
209 2060 271 2148 μὲν
298 2064 433 2149 πρῶτον
466 2063 504 2128 ἐν
534 2075 606 2141 τοῖς
638 2063 803 2147 ἑσπερίοις
836 2052 972 2149 μέρεσιν
1004 2061 1154 2154 ᾤκησαν,
1194 2087 1199 2106 ²

140 2172 251 2236 ἔπειτα
277 2168 332 2235 καὶ
355 2164 440 2256 άλλη
467 2172 634 2257 πολλαχῇ,
661 2169 717 2236 καὶ
744 2165 939 2255 τούνομαη
966 2172 1071 2255 νῆσος
1100 2168 1156 2237 ἐπὶ

99 2273 268 2350 3τούτων
296 2273 419 2362 ἤρξατο
443 2280 582 2344 Σικελία
606 2283 792 2344 καλεῖσθαι.
837 2273 875 2344 τδ
900 2275 963 2362 μὲν
987 2274 1029 2363 δὴ
1053 2283 1155 2344 Σικε-

98 2401 126 2441 2⁰
139 2379 236 2450 λικὸν
258 2384 357 2469 γένος
380 2379 486 2463 οὕτως
505 2385 652 2465 ἐξέλιπεν
672 2380 827 2468 Ἰταλίαν,
851 2380 896 2463 ὡς
918 2382 980 2470 μὲν
999 2380 1155 2451 Ἑλλάνι-

137 2515 197 2569 κος
217 2485 395 2576 ὁΛέσβιός
417 2509 511 2576 φησι,
534 2495 628 2578 τρίτη
651 2491 750 2579 γενεᾷ
771 2488 937 2576 πρότερον
960 2492 1029 2558 των
1047 2495 1155 2576 Τρωι-

138 2601 208 2664 κῶν
228 2593 409 2683 Ἀλκυόνης
429 2599 611 2684 ἱερωμένης
629 2598 666 2664 ἐν
680 2594 796 2684 ’Ἀργει
814 2594 897 2663 κατά
919 2594 957 2665 τὸ
981 2597 1077 2664 ἕκτον
1095 2595 1155 2663 καί
1174 2609 1206 2659 58

139 2701 292 2771 εἰκοστὸν
321 2708 401 2782 έτος.
448 2703 510 2770 δύο
539 2702 576 2770 δὲ
603 2716 695 2771 ποιεί
715 2701 856 2783 στόλους
875 2699 1056 2781 Ἰταλικοὺς
1080 2705 1155 2770 δια-

139 2807 266 2895 βάντας
288 2813 335 2888 είς
353 2813 532 2876 Σικελίαν·
553 2805 615 2876 τὸν
638 2808 700 2895 μέν
718 2808 884 2896 πρότερον
904 2807 1068 2896 Ἐλύμων,
1093 2806 1157 2890 ούς

212 3046 277 3094 2τε
296 3039 393 3096 om.B
464 3038 718 3111 4μεθίεντ<ο>Β
792 3046 823 3094 11
844 3039 1082 3110 συνωνησάμενοι
1100 3039 1156 3101 AB

141 3128 210 3168 corr.
235 3110 324 3166 Cobet
350 3110 422 3165 Nov.
441 3108 518 3165 Lect.
537 3129 564 3180 p.
585 3111 636 3164 289
667 3114 671 3180 Ι
695 3113 804 3180 Λίγυας
826 3111 876 3165 καί
899 3105 1005 3175 αύτούς
1028 3105 1155 3181 φεύγον-

140 3203 191 3246 τας
216 3200 238 3237 ο.
257 3181 361 3237 Reiske
428 3187 461 3236 14
480 3177 528 3236 ἐπὶ
545 3183 569 3235 Β
587 3176 644 3235 ἀπὸ
664 3184 690 3236 R
754 3189 787 3237 16
807 3179 838 3235 οί
852 3182 997 3237 Σικελικοί
1016 3200 1040 3238 ο.
1060 3180 1157 3237 Sinte-

139 3254 183 3310 nis
202 3253 262 3310 Em.
281 3252 363 3308 Dion.
378 3253 392 3306 I
409 3270 437 3321 p.
454 3258 487 3308 10
561 3259 594 3309 18
612 3248 739 3323 τοῦνομα
758 3254 958 3324 μεταβαλοῦσα
971 3255 1017 3309 vel
1035 3249 1068 3309 τό
1088 3247 1156 3306 δεύ-

140 3346 222 3396 τερον
245 3324 445 3395 μεταβαλοῦσα
465 3342 487 3379 ο.
507 3322 610 3380 Reiske
666 3330 698 3378 19
717 3323 770 3395 μὲν
788 3319 868 3393 δὴΒ
896 3322 992 3395 μὲνΑ
1048 3317 1157 3380 22'112-

140 3392 251 3466 κυάνης
274 3395 320 3450 Ba
349 3390 487 3464 Ἀλκιόνης
509 3394 607 3464 Heyne
630 3394 969 3465 inApollod.11110,1
1045 3403 1079 3452 23
1099 3389 1156 3449 δύο

141 3467 174 3524 δὲ
192 3467 300 3524 Ritsehl
331 3462 384 3521 δύο
404 3468 456 3521 AB
529 3466 563 3519 2‘4
581 3463 613 3521 τό
634 3463 687 3535 μὲν
705 3466 920 3536 ΑΙπρῶτονΒ
