2454 3916
571 218 735 273 —B-

149 396 204 444 σιν
228 377 281 445 έπλ
303 382 361 464 της
384 375 541 464 ὀξύτητος
563 381 632 446 τῶν
652 375 856 465 ὑπηρεσιῶν,
876 375 970 467 (τοὺς
991 374 1057 465 γὰρ
1081 377 1167 446 ἑτοί-

148 510 232 570 μους
264 485 320 552 καὶ
350 498 458 571 ταχεῖς
489 484 564 572 περλ
596 482 636 553 τά
668 489 748 572 ἔργα
777 484 913 571 κέλερας
946 486 981 551 οί
1000 480 1163 571 Ῥωμαῖοι

147 590 325 680 καλοῦσιν)
349 587 394 669 ὡς
418 589 455 657 δὲ
478 587 662 678 Οὐαλέριος
685 587 703 658 ὁ
724 588 870 669 Ἀντιεὺς
893 609 998 677 φησιν
1018 591 1072 658 ἐπὶ
1095 595 1215 661 τοῦ263

109 694 314 784 3ἡγεμόνος
336 694 448 765 αὐτῶν
472 694 562 764 τοῦτ’
589 701 723 784 ἔχοντος
749 691 908 783 τοῦνομα.
953 688 1085 784 ἦνγάρ
1109 699 1168 768 καλ

54 854 58 861 -
108 832 121 873 ε
147 802 278 871 τούτων
301 801 435 891 ἡγεμὼν
460 800 477 871 ὁ
498 804 772 890 διαφανέστατος,
792 794 818 896 ᾦ
836 816 926 891 τρεῖς
947 800 1166 892 ὑπετάγησαν

149 909 384 997 ἑκατόνταρχοι
406 910 462 976 καλ
485 901 588 989 αὖθις
613 906 670 977 ὑπ’
697 912 837 988 ἐκείνοις
866 911 972 998 ἕτεροι
999 907 1060 991 τάς
1082 908 1167 981 ὑπο-

150 1019 322 1105 δεεστέρας
351 1022 482 1103 ἔχοντες
509 1015 628 1105 άρχάς,
661 1022 697 1085 οἳ
721 1013 804 1085 κατὰ
831 1015 930 1086 πόλιν
959 1016 1021 1104 μὲν
1049 1022 1168 1106 αίχμο

150 1122 252 1211 φόροι
274 1148 309 1190 τε
332 1121 421 1215 αὐτῷ
445 1122 733 1211 παρηκολούθουν
759 1125 816 1192 καλ
843 1128 912 1192 τόν
934 1126 1169 1214 κελευομένων

148 1225 324 1317 ὑπηρέται,
351 1226 434 1297 κατὰ
463 1229 500 1297 δέ
527 1227 586 1309 τὰς
612 1235 784 1318 στρατείας
810 1231 981 1320 πρόμαχοί
1007 1257 1044 1300 τε
1076 1222 1168 1320 ἦσαν

109 1365 136 1404 ιο
149 1335 204 1402 καλ
227 1339 465 1424 παρασπισταί·
497 1336 552 1403 καὶ
579 1335 750 1406 τὰπολλὰ
778 1329 873 1406 οὑτοι
900 1336 1105 1426 κατώρθουν
1130 1341 1168 1409 έν

148 1455 218 1521 τοῖς
242 1438 347 1528 άγῶσι
370 1445 501 1530 πρῶτοί
519 1469 555 1510 τε
578 1440 738 1530 ἄρχοντες
765 1442 870 1531 μάχης
897 1445 953 1512 καλ
979 1450 1169 1516 τελευταῖοι

148 1552 217 1615 τῶν
241 1546 353 1616 ἄλλων
377 1545 609 1635 ἀφιστάμενοι,
633 1551 742 1628 ίππεῖς
769 1547 831 1636 μὲν
859 1555 945 1618 ἔνθα
972 1550 1167 1638 ἐπιτήδειον

149 1664 200 1742 είη
224 1659 342 1723 πεδίον
366 1656 646 1741 ἐνιππομαχῆσαι,
674 1655 764 1737 πεζοὶ
788 1654 826 1723 δέ
850 1653 936 1724 ὅπου
962 1655 1086 1744 τραχὺς
1114 1668 1168 1748 εἴη

108 1762 205 1830 4καλ
228 1759 373 1839 άνιππος
399 1760 509 1839 τόπος.
553 1759 655 1828 τοῦτό
684 1788 741 1847 μοι
770 1765 864 1831 δοκεῖ
890 1759 980 1848 παρά
1003 1768 1169 1834 Λακεδαι·

109 1899 135 1939 ιε
150 1871 280 1954 μονίων
309 1869 573 1954 μετενέγκασθαι
600 1865 637 1936 τό
668 1873 749 1949 ἔθος
778 1866 901 1957 μαθὼν
922 1867 979 1950 4ότι
1003 1871 1061 1938 καλ
1082 1870 1167 1962 παρ’

149 1975 290 2053 ἐκείνοις
314 1977 350 2042 οί
365 1972 598 2060 γενναιότατοι
616 1979 685 2043 τοόν
703 1978 792 2044 νέων
811 1974 998 2064 τριακόσιοι
1018 1976 1170 2065 φύλακες

148 2072 236 2168 ἦσαν
259 2082 327 2149 τῶν
351 2082 530 2166 βασιλέων,
554 2074 605 2159 οἷς
628 2083 774 2168 ἐχρῶντο
793 2079 875 2150 κατά
898 2080 977 2163 τοὺς
998 2086 1171 2172 πολέμους

148 2202 404 2276 παρασπισταῖς,
428 2190 568 2255 ἱππεῦσί
586 2213 621 2254 τε
646 2180 723 2256 οὖσι
745 2189 801 2256 καὶ
824 2195 942 2270 πεζοῖς.
1033 2252 1041 2258 .

207 2306 224 2337 '
238 2296 345 2363 XIIII.
383 2294 687 2382 Καταστησάμενος
718 2293 759 2382 δη
791 2298 895 2364 ταῦτα
928 2295 1076 2384 διέκρινε
1108 2296 1170 2379 τὰς

91 2433 136 2473 ιο
149 2400 246 2490 τιμάς
267 2403 323 2470 καλ
345 2399 404 2481 τάς
427 2403 593 2487 ἐξουσίας,
621 2397 661 2481 ἃς
689 2400 849 2481 ἑκάστους
876 2400 1032 2488 ἐβούλετο
1062 2408 1166 2492 ἔχειν.

148 2516 281 2597 βασιλεῖ
302 2508 363 2596 μέν
393 2499 456 2576 οὖν
480 2508 617 2597 ἐξῄρητο
645 2507 788 2577 τάδετὰ
811 2510 906 2597 γέρα·
937 2513 1074 2598 πρῶτον
1099 2511 1224 2600 μὲνεῖλ

151 2620 251 2704 ίερῶν
283 2617 340 2683 καλ
371 2619 506 2683 θυσιῶν
539 2612 723 2702 ἡγεμονίαν
761 2620 850 2701 ἔχειν
885 2615 941 2683 καὶ
973 2614 1084 2684 πάντα
1118 2617 1168 2689 δι”

150 2725 281 2791 ἐκείνου
303 2720 511 2809 πράττεσθαι
538 2720 579 2790 τά
602 2721 686 2810 πρὸς
708 2720 788 2802 τοὺς
814 2720 918 2802 θεοὺς
940 2719 1029 2809 ὅσια,
1052 2727 1170 2794 ἔπειτα

149 2827 268 2917 νόμων
297 2855 332 2896 τε
360 2829 415 2896 καλ
443 2834 593 2917 πατρίων
622 2833 775 2916 έθισμοῖν
807 2826 963 2917 φυλακὴν
989 2841 1170 2902 ποιεῖσθαι

110 2963 137 3004 τε
150 2936 206 3004 καλ
229 2932 355 3014 παντὸς
377 2939 438 3004 τοῦ
460 2933 544 3004 κατὰ
566 2935 672 3023 φύσιν
695 2931 817 3023 ἢκατόι
836 2934 1011 3022 συνθήκας
1029 2939 1171 3008 δικαίου

149 3055 310 3130 προνοεῖν
338 3047 407 3110 τῶν
434 3069 470 3111 τε
498 3039 713 3129 ἀδικημάτων
742 3039 783 3110 τὰ
807 3043 945 3129 μέγιστα
972 3039 1035 3128 μὲν
1059 3040 1169 3115 αὑτὸν

220 3278 236 3327 3
255 3273 384 3343 γαλέριος
401 3273 454 3327 ΑΒ
479 3273 484 3342 1
506 3266 611 3335 Ἀντιάς
634 3292 656 3328 ο.
677 3274 767 3329 Cobet
790 3272 854 3328 obs.
877 3291 904 3343 p.
923 3278 957 3327 43
1031 3278 1050 3327 4
1068 3270 1169 3333 αὑτοῖν

148 3362 203 3400 om.
227 3346 252 3399 A
338 3351 354 3400 6
379 3339 583 3414 ἕκατοντάρχαι
607 3344 628 3399 Ο
655 3361 725 3401 corr.
753 3342 896 3413 Kiessling
983 3341 1094 3400 ’λκατά
1113 3343 1169 3418 τὴν

147 3410 231 3471 πόλιν
250 3434 273 3472 ο.
288 3415 443 3470 Ambrosch
460 3417 464 3485 Ι
481 3412 533 3486 μὲν
552 3416 643 3470 om.B
716 3409 972 3485 θήκολοὺθοννΒ
1045 3422 1169 3489 9στρα-

55 3554 61 3562 ι
147 3483 251 3550 τιόιςΒ
324 3493 358 3542 10
376 3480 503 3541 οὑτωιΒ
