2454 3916
530 266 563 276 -
603 240 696 289 Γ-
1054 193 1120 305 κο

106 393 144 461 δέ
167 391 212 480 μὴ
236 390 453 462 ὑπακούσωσι
476 394 701 482 προσβάλλειν
730 394 843 466 αὐτῶν
870 395 954 487 πρὸς
982 397 1022 467 τά
1047 399 1120 488 ἐρύ-

104 527 201 588 ματα.
245 489 584 588 παρασκευασάμενος
607 502 644 570 δὲ
666 500 706 571 τά
724 502 808 591 πρὸς
829 504 890 572 τδν
914 503 1119 594 ἀγῶνα-καί,
1137 505 1160 570 4

104 611 136 675 εί
172 606 283 694 δεήσει
318 611 541 696 τειχομαχίας,
579 605 641 677 ὅσα
677 612 723 701 τῇ
760 609 916 702 τοιούτῳ,
939 610 1119 701 πρόσφορα

105 719 191 805 έργφ
215 713 508 803 μηχανησάμενος,
535 717 605 785 ἐπεὶ
632 714 693 798 νὺξ
721 719 853 803 ἐγένετο
876 717 1057 788 καθεύδων
1081 723 1118 788 έν

46 824 148 908 415τῇ
181 825 380 910 στρατηγικῇ
409 826 516 912 σκηνῇ
548 823 721 912 παρούσης
753 821 843 918 αύτῷ
870 830 929 914 τῇς
956 831 1144 908 είωθυίαςι

103 930 256 1013 φυλακῇς
287 927 363 1015 περί
398 925 459 996 τὸν
488 927 620 1017 όρθρον
651 927 839 1019 εὑρίσκεται
872 932 1007 1021 νεκρός,
1039 931 1118 1003 ούτε

103 1037 235 1120 σφαγῆς
271 1031 347 1102 ούτε
383 1032 529 1121 ἀγχόνης
566 1034 643 1105 ούτε
680 1036 866 1126 φαρμάκων
905 1037 982 1107 ούτε
1014 1037 1118 1126 ἀλλης

101 1143 217 1226 βιαίου
232 1145 409 1228 συμφορᾶς
427 1155 567 1228 σημεῖον
582 1143 635 1210 έπὶ
651 1142 881 1231 τοῦσώματος
899 1143 1001 1213 οὐδὲν
1023 1151 1118 1234 έχων.

195 1248 235 1315 V.
275 1246 482 1333 Παραδόξου
524 1248 561 1316 δέ
601 1253 663 1317 τοῦ
704 1248 839 1331 πάθους
882 1250 992 1339 ὥσπερ
1029 1251 1118 1333 είκδς

101 1351 205 1420 άπασι
233 1355 445 1441 φαινομέναν
475 1355 531 1422 καί
561 1357 763 1442 ζητουμένης
794 1361 852 1443 τῇς
884 1362 992 1437 αἰτίας
1021 1355 1116 1448 (οὐδὲ
1131 1379 1157 1424 10

99 1459 164 1547 γάρ
192 1457 299 1528 νόσον
326 1463 608 1549 προηγησαμένην
641 1459 711 1548 εἶχέ
739 1489 789 1542 τις
821 1462 1054 1552 αἰτιάσασθαι)
1083 1468 1118 1532 ολ

100 1565 163 1655 μὲν
187 1568 240 1635 ἐπὶ
262 1565 324 1654 τὴν
346 1572 448 1635 θείαν
471 1567 636 1656 πρόνοιαν
660 1564 789 1648 ἁπάσας
814 1567 873 1649 τάς
896 1567 1117 1659 ἀνθρωπίνας

100 1673 328 1761 ἀναφέροντες
367 1673 469 1761 τύχας
507 1673 591 1743 κατὰ
631 1673 734 1761 χόλον
777 1675 957 1763 δαιμόνιον
999 1681 1116 1762 έλεγου
1185 1726 1188 1732 -

100 1777 205 1848 αὐτὸν
238 1777 442 1866 ἀποθανεῖν,
476 1776 528 1848 ότι
559 1778 707 1867 πόλεμον
735 1780 890 1861 ἐξέκαυσε
922 1784 962 1870 τῇ
994 1807 1115 1868 μητρο-

98 1885 195 1954 πόλει
224 1883 308 1972 πρὸς
337 1883 399 1972 τῇν
429 1883 604 1954 ἀπόκτισιν
636 1884 713 1954 ούτε
744 1889 877 1956 δίκαιον
908 1884 986 1956 ούτε
1013 1886 1114 1976 ἀναγ-
1129 1909 1155 1950 15

98 2006 211 2061 καῖον·
245 1995 280 2061 ολ
311 1989 348 2059 δέ
384 1991 613 2080 χρηματισμὸν
650 1990 834 2081 ἡγούμενοι
871 1993 931 2062 τὸν
967 1993 1115 2083 πόλεμον

97 2101 155 2167 καὶ
183 2099 337 2187 μεγάλων
366 2097 615 2186 ἀπεστερῆσθαι
647 2103 839 2187 νομίζοντες
868 2098 1040 2186 ὠφελειῶν
1069 2105 1116 2181 είς

98 2204 283 2293 ἐπιβουλὴν
305 2205 361 2273 καὶ
384 2205 522 2292 φθόνον
546 2203 770 2293 ἀνθρώπινον
792 2204 830 2274 τὸ
856 2210 957 2295 ἔργον
980 2208 1115 2294 μετέφε-

98 2339 163 2399 ρον
187 2310 381 2399 αίτιύμενοι
407 2314 475 2380 τῶν
504 2308 851 2398 ἀντιπολιτευομένων
879 2308 974 2391 τινάς
998 2309 1114 2399 ἀφανῇ

97 2421 155 2488 καί
179 2420 416 2505 δυσεξέλεγκτα
434 2416 632 2505 ἐξευρόντας
650 2416 809 2504 φάρμακα
829 2415 885 2485 διά
904 2416 1035 2486 τούτων
1053 2415 1114 2486 τὸν
1127 2435 1154 2479 2⁰

98 2525 210 2614 ἀνδρα
228 2524 445 2614 άνηρηκέναι·
475 2527 510 2593 οί
529 2524 567 2592 δὲ
586 2521 652 2592 ὑπὸ
671 2522 778 2610 λύπης
795 2549 831 2591 τε
849 2524 905 2591 καὶ
928 2519 1114 2610 ἀμηχανίας
1132 2528 1153 2592 2

96 2632 329 2722 κρατούμενον
358 2633 500 2724 ἑκουσίφ
528 2628 720 2719 χρήσασθαι
746 2633 882 2718 τελευτῇ
906 2627 1010 2698 αὐτὸν
1034 2634 1113 2716 έφα-

46 2760 184 2826 ςιςσαν,
221 2737 334 2827 ἐπειδὴ
366 2739 476 2808 πάντα
513 2736 637 2825 χαλεπά
672 2738 728 2805 καὶ
765 2734 876 2826 ἀπορα
912 2737 1113 2823 συνέβαινεν

98 2844 189 2938 αύτῷ
221 2847 277 2914 καὶ
310 2843 412 2921 οὐδὲν
445 2844 562 2933 ἐχύρει
593 2841 676 2913 κατά
707 2845 794 2912 νοῦν
822 2845 890 2911 τῶν
918 2845 955 2911 έν
975 2841 1111 2931 ἀρχαῖς,

98 2951 154 3022 ὅτε
177 2957 224 3032 είς
246 2951 286 3021 τά
309 2951 485 3040 πράγματα
507 2950 623 3040 είσῇει,
645 2951 965 3038 προσδοκηθέντων·
987 2964 1059 3030 τοῖς
1078 2948 1109 3017 δ’
1126 2951 1152 3001 25

97 3057 192 3138 έκτὸς
216 3049 292 3126 ούσι
315 3062 430 3143 φιλίας
447 3083 481 3126 τε
500 3057 556 3124 καί
576 3062 700 3145 ἔχθρας
717 3059 776 3143 τῇς
793 3053 877 3143 πρὸς
895 3053 955 3125 τὸν
975 3059 1113 3145 στρατη-

171 3295 205 3344 10
233 3285 297 3344 οὔτε
326 3287 349 3343 O
383 3281 451 3344 ούδὲ
483 3286 586 3344 Reiske
686 3291 719 3342 11
747 3286 798 3356 τῇς
827 3281 1040 3359 αίτίαςΙΙΙάσθαι
1066 3286 1113 3340 Ba

98 3368 133 3416 15
152 3355 345 3429 ἀπόκτησινΒ
419 3364 454 3415 20
472 3356 658 3425 δυσεξέλικτα
671 3358 767 3428 ΑΒοΙ
784 3353 988 3427 έξενρόνταςΒ
1013 3351 1112 3426 εδρύν·

84 3440 150 3495 ’τας
166 3433 192 3486 R
268 3437 304 3486 22
326 3425 522 3502 κρατούμενον
544 3430 600 3486 del.
624 3429 713 3487 Cobet
735 3427 838 3484 Mnem.
862 3426 902 3483 IX
924 3445 956 3516 φ.
976 3432 1027 3482 319
1056 3427 1111 3481 def.

97 3501 240 3572 Kiessling
258 3501 303 3557 Pr.
321 3504 385 3558 Bas.
403 3520 430 3573 p.
452 3506 495 3572 10,
514 3501 611 3574 Tegge
634 3517 661 3571 p.
681 3505 716 3556 84
734 3501 792 3555 not.
866 3503 901 3554 23
919 3517 1033 3553 απαντα
1052 3497 1076 3554 0

896 3585 950 3642 18*
