2454 3916
144 226 209 290 318
566 255 600 265 -
639 229 731 277 Γ-

142 412 196 466 τες
223 383 425 468 ἀπόστασιν,
457 385 494 453 ἐν
527 375 554 475 ῳ
581 386 744 463 κίνδυνος
771 377 815 470 ῆν
842 381 922 453 καθ’
950 382 1111 474 ἑκάτερον
1138 381 1161 472 ἢ

142 489 397 578 ἀπαρασκεύους
436 493 651 578 ἐπειχθέντας
690 491 746 558 καὶ
786 494 827 580 τῆ
869 495 975 581 οἰκεία
1015 491 1163 579 δυνάμει

142 597 231 687 μόνη
253 599 494 678 πιστεύσαντας
515 596 576 665 τὸν
599 595 682 681 ὑπὲρ
706 595 865 666 ἁπάντων
892 595 1078 688 ἀναρρῖψαι
1101 597 1162 667 κύ-

142 711 221 791 βον,
248 703 269 793 ῆ
297 706 651 793 παρασκευαζομένους
683 703 740 772 καί
772 707 933 792 βοηθείας
961 707 1212 793 ἐμείρανταςιις

115 822 132 877 ι’
142 808 207 880 ὑπὸ
231 815 300 881 τῶν
323 814 360 881 ἐν
383 814 576 900 παρασκευῇ
607 809 717 878 ὄντων
739 816 1079 900 προκαταληφθῆναι,
1103 811 1162 882 ού-

143 921 282 1011 δετέρου
303 922 372 987 τῶν
396 922 549 1005 χαλεπῶν
576 916 706 986 τούτων
732 920 952 1006 πειραθέντες
977 918 1015 988 τὸ
1040 921 1075 1002 ἐξ
1098 919 1162 1008 ἀμ-

142 1026 295 1114 φοτέρων
318 1025 484 1113 χρήσιμον
507 1027 633 1111 ἕξομεν.
674 1029 787 1092 ἔπειτα
804 1023 933 1111 πολλὴν
952 1027 1009 1094 καί
1033 1031 1161 1095 δυσπο·

141 1133 285 1219 λίμητον
314 1122 421 1199 οὖσαν
447 1128 604 1216 τὴντῶν
632 1125 826 1197 ἀντιπάλων
852 1128 951 1217 ίσχύν
973 1131 1030 1198 καί
1052 1130 1161 1219 τύχην

142 1235 204 1306 ούκ
236 1241 272 1306 ἐκ
302 1240 364 1306 τού
395 1242 511 1323 βιαίου
541 1235 670 1323 τρόπον
703 1236 935 1325 πειρασόμεθα
965 1247 1161 1325 καθαιρεῖν,

101 1369 129 1411 ιο
143 1343 217 1413 ἀλλ’
239 1339 290 1424 οἷς
311 1342 480 1412 ἁλίσκεται
498 1340 608 1411 πάντα
623 1342 705 1430 <τίι>
722 1340 894 1431 ὑπέραυχα
915 1345 972 1413 καὶ
991 1343 1036 1431 μὴ
1056 1345 1161 1436 ῥᾴδια

139 1455 186 1544 τῳ
209 1457 309 1543 βιαίῳ
332 1452 598 1538 καθαιρεθῆναι,
622 1449 712 1541 δόλῳ
738 1451 795 1518 καί
818 1448 942 1540 ἀπάτη,
969 1449 1046 1519 ούτε
1069 1456 1161 1541 πρῶ-

88 1558 192 1626 11τοι
215 1557 377 1645 άρξαντες
399 1555 510 1625 αὐτῶν
535 1554 611 1625 ούτε
637 1554 747 1643 μύνοι.
786 1555 871 1645 πρὸς
888 1558 927 1626 δὲ
943 1557 1077 1638 τούτοις
1095 1557 1161 1628 οὐκ

141 1663 310 1756 ἀξιομάχῳ
339 1663 425 1753 ούση
452 1667 492 1753 τῆ
522 1668 627 1753 οἰκείᾳ
654 1664 798 1750 δυνάμει
825 1663 908 1752 πρὸς
934 1662 1069 1733 ἀπασαν
1094 1665 1160 1754 τὴν

134 1769 309 1859 Ῥωμαίων
335 1796 371 1839 τε
397 1770 453 1838 καὶ
480 1773 549 1838 τῶν
579 1767 763 1857 συμμάχων
791 1769 889 1857 ίσχύν
912 1768 1161 1859 ἀντιταχθῆναι

99 1906 125 1945 τε
139 1878 202 1965 τῆν
234 1882 431 1965 Φιδηναίων
458 1903 493 1945 τε
520 1877 576 1945 καί
606 1874 822 1945 Οὐιεντανῶν
850 1876 1017 1965 τοσαύτην
1049 1871 1160 1948 οὖσαν

140 1983 226 2071 ὅσην
245 1983 344 2071 ὁρᾶτε
362 1982 635 2072 προσειλήφαμέν
653 2008 699 2068 τε,
717 1980 834 2063 καλάς
851 1980 894 2052 ἀν
909 1983 1052 2071 μάλιστα
1070 1985 1160 2075 θάρ-

139 2111 199 2172 σος
220 2092 288 2160 τινὶ
312 2096 499 2178 συμμαχίας
520 2093 661 2176 βεβαίου
689 2087 726 2158 τὸ
751 2089 966 2179 ἐπικουρικὸν
988 2092 1160 2180 παράσχοι

88 2201 128 2264 12
139 2197 413 2287 προσγενόμενον
442 2194 530 2264 οὕτω
558 2195 826 2284 παρεσκεύασταί
851 2224 918 2284 μοι.
964 2195 1006 2265 ού
1028 2197 1094 2285 γὰρ
1119 2202 1158 2268 ἐν

137 2309 176 2394 τῆ
204 2302 346 2394 ἡμετέρα
373 2307 417 2393 χῆ
448 2305 630 2388 Φιδηναῖοι
656 2300 717 2371 τὸν
744 2299 861 2389 ἀγῶνα
888 2301 1068 2391 ἀράμενοι,
1096 2310 1159 2394 τῆς

97 2431 124 2472 20
139 2411 177 2480 δὲ
208 2410 322 2481 αὑτῶν
359 2407 686 2498 προκινδυνεύοντες
716 2411 754 2477 ἐν
791 2412 837 2503 τῳ
872 2408 961 2503 αὐτῷ
997 2412 1055 2479 καί
1091 2410 1205 2500 τὴυ477

136 2516 299 2606 ῆμετίραν
314 2516 533 2606 φυλάξουσιν.
571 2512 589 2584 δ
609 2515 647 2584 δὲ
665 2516 800 2585 πάντων
819 2519 881 2604 μέν
901 2519 992 2586 ἐστιν
1011 2515 1157 2605 ἥδιστον
1205 2564 1209 2575 x

136 2623 347 2714 ἀνθρώποις,
380 2627 529 2702 σπανίως
563 2624 603 2691 δέ
635 2642 724 2691 τισιν
745 2623 793 2690 ίκ
829 2627 891 2692 τού
922 2624 1159 2713 παρελθόντος

136 2737 260 2811 αίῶνος
275 2732 450 2817 ἐξεγένετο,
462 2729 519 2798 καὶ
533 2727 632 2798 τοῦθ’
649 2726 730 2816 ῆμϊν
743 2725 896 2819 ὑπάρξει·
916 2723 998 2818 <εύ>
1010 2731 1158 2820 πάσχον-

135 2865 189 2917 τες
210 2834 276 2906 ἀπὸ
299 2840 368 2907 τῶν
392 2833 576 2924 συμμάχων
600 2826 639 2903 εὖ
659 2838 745 2923 δρᾶν
769 2837 919 2916 ἐκείνους
938 2835 1034 2907 αὐτοὶ
1060 2840 1157 2924 δόξο-

207 3075 223 3123 2
243 3063 424 3139 ἀπαχθέντας
441 3067 488 3122 Ba
565 3071 580 3120 3
604 3061 807 3130 πιστεύσαντες
829 3067 875 3123 Ba
950 3075 968 3123 4
986 3064 1156 3141 ἀγείροντας

137 3159 159 3197 ο.
180 3141 314 3211 Sylburg‚
341 3135 513 3209 ἀγείραντας
536 3136 625 3191 Cobet
649 3135 715 3192 Obs.
743 3156 770 3209 p.
796 3144 830 3194 66
907 3145 923 3194 8
946 3140 1004 3196 τῶν
1027 3159 1083 3198 om.
1108 3147 1157 3200 Aa

136 3218 171 3267 10
189 3206 224 3267 τά
249 3212 314 3268 add.
337 3211 441 3267 Reiske
519 3211 553 3261 18
577 3201 667 3270 οὕτως
684 3209 716 3277 Β,
739 3209 823 3263 τούτο
848 3226 871 3264 ο.
890 3211 991 3267 Portus
1065 3221 1099 3270 19
1119 3217 1155 3288 χῆ

73 3289 76 3295 “
135 3299 190 3338 om.
214 3283 260 3338 Ba
340 3288 375 3337 20
402 3276 544 3336 αύτῶνΒ
624 3285 659 3333 21
687 3275 827 3350 ὑμετέραν
850 3282 876 3334 Δ
961 3289 996 3338 22
1025 3289 1157 3350 σπανίοις

135 3372 158 3410 c.
178 3352 321 3424 Kiessling
401 3359 435 3408 23
464 3347 578 3436 ἀχάναςε
598 3349 647 3435 Ra
666 3353 671 3415 Ι
691 3346 760 3420 ἡμῖν
780 3353 806 3405 A
833 3346 946 3426 ύμ<ῑ>ν
964 3356 987 3409 Β
1008 3357 1013 3425 Ι
1034 3347 1068 3411 εύ
1088 3358 1154 3415 add.

135 3424 225 3481 Cobet
244 3426 310 3481 Obs.
337 3443 365 3495 p.
385 3431 419 3481 66
500 3424 536 3476 24
563 3422 635 3492 οπο]
664 3417 736 3491 ὑπὲρ
758 3415 852 3492 ΒΙεύ
876 3425 949 3494 δρᾶν
972 3426 995 3479 Β
1022 3444 1078 3485 om.
1103 3429 1153 3502 R!

136 3493 267 3560 ἐκείνους
283 3497 307 3550 Β
327 3493 447 3559 ἐκείνοις
465 3497 490 3550 R

114 3672 163 3679 ...—
