2454 3916
516 191 689 257 -A—'
1062 203 1106 270 23

93 365 151 436 διά
172 369 232 453 τῆς
255 369 408 450 Κουρίας
430 362 515 434 ὁδοῦ
536 363 626 450 παρά
649 364 806 454 Κόρητον
831 363 912 453 ὅρος
927 364 1110 454 Κόρσουλα

92 474 214 541 νεωστί
248 473 492 560 διεφθαρμένη.
538 475 708 538 δείκνυται
742 471 782 537 δέ
814 498 865 549 τις
900 472 956 538 καὶ
993 475 1109 557 νῆσος,

82 578 180 648 Ἴσσα
209 575 294 666 αὐτῇ
323 576 446 664 ὄνομα,
473 583 574 666 λίμνη
597 581 810 665 περίρρυτος,
838 572 882 663 ἣν
905 579 1006 664 χωρίς
1034 576 1109 663 ἐρύ-

91 712 196 773 ματος
217 688 360 770 ποιητοῦ
383 688 578 770 κατοικῆσαι
603 685 757 768 λέγονται
786 697 857 762 τοῖς
883 684 1021 769 τέλμασι
1051 686 1111 769 της

91 797 214 878 λίμνης
237 787 345 858 ὁπόσα
371 795 492 876 τείχεσι
519 788 695 878 χρώμενοι.
739 795 883 875 πλησίον
908 788 945 855 δὲ
968 786 1136 874 viclo-⁶

91 916 155 984 σης
180 895 365 985 Μαρούιον
397 897 450 965 ἐπὶ
480 900 526 988 τῷ
556 899 648 986 μυχῷ
681 898 740 981 τῆς
767 892 870 982 αύτης
897 900 1016 982 λίμνης
1044 922 1109 963 κει-

91 1006 194 1092 μένη,
227 1002 469 1092 τετταράκοντα
501 1006 659 1080 σταδίους
690 999 859 1089 ἀπέχουσα
890 1006 959 1070 τῶν
989 1010 1109 1070 καλου-

90 1112 207 1197 μένων
226 1106 328 1178 ‘cml
351 1106 495 1177 ὑδάτων.
902 1117 914 1152 1

179 1230 259 1300 Ἀπὸ
293 1232 330 1300 δὲ
353 1230 488 1301 Ῥεάτου
519 1231 622 1300 πάλιν
653 1231 715 1318 τὴν
752 1234 804 1300 ἐπὶ
838 1237 988 1320 Λατίνην
1025 1229 1149 1301 ὁδὸν5

37 1342 71 1392 ⁴⁰
91 1343 186 1408 ίούσι
214 1343 320 1406 Βατία
347 1338 409 1426 μὲν
438 1335 502 1407 άπὸ
531 1338 711 1425 τριάκοντα
739 1343 901 1425 σταδίων,
936 1338 1046 1428 Τιώρα
1071 1338 1108 1406 δὲ
1123 1354 1149 1394 1⁰

89 1444 158 1514 άπὸ
191 1449 411 1532 τριακοσίων,
442 1443 462 1532 ἡ
492 1447 684 1533 καλουμένη
716 1444 885 1531 Ματιήνη.
936 1447 973 1512 έν
1004 1443 1108 1532 ταύτη

90 1554 225 1638 λέγεται
256 1550 458 1639 χρηστήριον
480 1550 600 1640 ’Ἀρεος
631 1552 793 1636 γενέσθαι
829 1549 920 1618 πάνυ
956 1547 1108 1639 άρχαῖον.

91 1655 110 1725 ὁ
138 1656 176 1723 δὲ
198 1654 321 1743 τρόπος
339 1655 444 1725 αύτού
465 1655 695 1743 παραπλήσιος
717 1649 761 1743 ἦν
782 1654 826 1736 ὥς
849 1676 932 1743 φασι
954 1660 1000 1749 τῷ
1018 1654 1108 1744 παρὰ

90 1765 318 1841 Δωδωναίοις
354 1764 643 1853 μυθολογουμένῳ
685 1761 764 1830 ποτέ
804 1765 984 1849 γενέσθαι·
1019 1761 1107 1849 πλην

90 1867 178 1938 ὅσον
206 1869 275 1935 ἐκεῖ
300 1866 361 1954 μὲν
390 1869 443 1935 ἐπὶ
472 1866 576 1957 δρυὸς
603 1869 694 1953 ίερᾶς
717 1868 872 1954 <πέλεια>
901 1871 1107 1956 καθεζομένη
1122 1884 1147 1925 1⁵

88 1976 300 2065 θεσπιῳδεῖν
332 1974 481 2061 έλέγετο,
513 1972 603 2062 παρά
636 1971 673 2039 δὲ
702 1987 772 2053 τοῖς
806 1971 989 2064 Ἀβοριγῖσι
1029 1974 1107 2044 θεό-

88 2103 239 2167 πεμπτος
274 2076 383 2165 ὅρνις,
421 2076 462 2148 δν
499 2075 596 2148 αύτολ
633 2079 694 2166 μὲν
730 2094 845 2165 πῖκον,
873 2080 1033 2168 Ἕλληνες
1069 2080 1107 2149 δὲ

92 2184 351 2274 δρυοκολάπτην
381 2192 559 2272 καλοῦσιν,
593 2186 645 2254 ἐπὶ
672 2190 786 2265 κίονος
819 2188 956 2268 ξυλίνου
988 2187 1106 2275 φαινό-

89 2318 196 2381 μενος
225 2289 263 2359 τδ
297 2290 378 2360 αύτδ
412 2296 502 2380 ἔδρα.
546 2294 703 2380 τέτταρας
735 2289 767 2359 δ’
806 2294 859 2360 ἐπὶ
894 2308 965 2373 τοῖς
1001 2295 1146 2361 είκοσι6

64 2410 67 2415 “
89 2401 244 2477 σταδίοις
272 2394 441 2483 ἀπέχουσα
462 2400 521 2487 τῆς
543 2400 721 2486 εἰρημένης
747 2398 875 2478 πόλεως
897 2403 1017 2484 Λίστα,
1046 2425 1105 2485 μη·
1120 2427 1146 2468 ιο

87 2503 251 2593 τρόπολις
284 2499 524 2591 Ἀβοριγίνων,
561 2500 605 2591 ἢν
641 2508 843 2590 παλαίτερον
881 2509 927 2572 ἔτι
959 2510 1105 2590 Σαβῖνοι

88 2610 225 2694 νύκτωρ
254 2609 569 2697 ἐπιστρατεύσαντες
596 2611 632 2679 έκ
659 2609 788 2689 πόλεως
807 2605 998 2699 Ἀμιτέρνης
1020 2607 1106 2698 άφύ-

166 2776 180 2822 1
202 2766 247 2823 ίου
265 2771 311 2830 ίας
321 2768 353 2837 0,
368 2785 436 2823 corr.
453 2769 568 2839 Chaupy
583 2769 750 2824 decouverte
764 2768 799 2823 de
812 2768 842 2824 la
856 2771 965 2825 maison
978 2772 1013 2826 de
1031 2789 1105 2827 eum-

170 2838 230 2894 ed'
258 2854 340 2894 crece
358 2839 371 2891 Ι
388 2856 416 2909 p.
435 2845 498 2908 336,
517 2840 565 2907 ΠΙ,
584 2846 645 2906 356,
665 2841 776 2894 Bunsen
793 2840 812 2894 l.
831 2841 850 2895 l.
867 2836 983 2905 Ἰουλίας
1005 2844 1106 2899 Portus

90 2912 254 2995 Ουαλερίας
272 2910 393 2980 Sylburg
411 2912 556 2978 Σαλαρίας
574 2910 706 2966 Gelenius
722 2917 726 2979 Ι
742 2906 863 2978 Κάριτον
883 2911 1016 2968 Cluverus
1029 2914 1046 2967 l.
1058 2915 1105 3040 lhl

87 2985 233 3052 κορσουλα
255 2982 281 3035 A
311 2981 453 3050 καρσοῦλοι
480 2980 612 3036 Cluverus
633 2982 651 3034 l.
667 2982 685 3036 l.
759 2977 924 3046 ὅὸπωςοῦν
947 3001 970 3038 c.
994 2984 1073 3039 Riese

127 3060 144 3108 9
167 3047 254 3107 πάλιν
276 3057 336 3113 τοῖς
358 3047 411 3119 τὴν
436 3069 458 3106 c.
483 3051 625 3122 Kiessling
649 3054 653 3120 Ι
678 3053 784 3120 λιτίνην
807 3055 833 3107 A
867 3054 967 3123 λίμνην
993 3054 1105 3110 Bunsen

91 3130 125 3180 10
145 3121 240 3178 ἰοῦσιν
258 3117 276 3191 ἡ
296 3123 348 3176 AB
375 3122 525 3176 articulum
548 3123 653 3178 delevit
671 3122 814 3193 Kiessling
886 3132 917 3179 11
938 3127 1105 3193 τριακοσίων

89 3195 255 3264 corruptum
273 3192 365 3247 visum
382 3192 500 3249 Cluvero
565 3200 598 3247 12
617 3190 742 3266 άρε<ο>ς
760 3194 783 3248 Β
802 3189 935 3262 &cameli
995 3201 1026 3249 15
1046 3191 1103 3251 ὑπὸ

88 3260 177 3334 δρυὸς
195 3264 218 3318 Β
240 3267 244 3333 Ι
265 3259 344 3331 ἱερᾶς
362 3261 581 3333 καθεζομένηΟ
605 3260 753 3333 περιστερά
773 3265 837 3334 post
855 3264 1016 3334 καθεζομέη
1040 3266 1104 3321 add.

94 3335 263 3406 Stephanus,
282 3332 382 3389 πέλεια
401 3333 525 3390 Sintenis
547 3333 608 3389 Em.
627 3334 708 3390 Dion.
729 3335 769 3389 ΙΙΙ
789 3354 817 3405 p.
837 3343 853 3391 8
872 3336 945 3405 quod
964 3335 1058 3404 recepi
1075 3338 1105 3392 et

90 3411 155 3477 posi
178 3403 257 3474 ἱερᾶς
280 3404 417 3461 collocavi
494 3411 526 3459 18
550 3406 702 3474 ξυλίνηςΒ
728 3409 731 3472 Ι
758 3402 805 3461 έπλ
828 3408 1014 3467 κίονος
1035 3403 1104 3474 ἔδρα

90 3477 176 3532 verbs
193 3477 340 3531 Meutzner
358 3476 472 3531 seclusit
489 3478 560 3531 Anu.
579 3477 649 3546 phil.
661 3482 729 3531 1877
748 3495 775 3546 p.
788 3482 840 3532 819
896 3482 928 3530 19
948 3474 1104 3546 τέτταραΒ
