2454 3916
565 223 728 274 -Α-

139 379 201 468 μὲν
225 378 335 468 ὥσπερ
358 380 457 449 τέκνα
480 382 721 466 περιέπουσαν,
748 378 788 448 τᾶ
814 377 847 448 δ’
873 379 917 462 ὡς
940 380 1067 471 μητρὸς
1091 385 1153 464 έξε-

139 473 276 575 χόμευα,
301 487 481 574 δαιμόνιόν
503 514 536 555 τι
559 491 668 575 χρῆμα
692 484 778 577 δρᾶν
800 485 1033 576 ὑπολαβόντες
1056 492 1180 576 έγγυνο
1216 507 1224 523 “

138 596 223 681 τέρω
246 593 438 685 προσῄεσαν
461 592 586 679 ἀθρόοι
609 593 840 681 δεδιττόμενοι
868 600 934 683 βοῇ
955 593 995 664 τδ
1018 603 1153 685 θηρίον.

139 699 160 788 ἡ
185 701 222 769 δὲ
249 701 394 770 λύκαινα
422 699 463 769 ού
490 699 579 788 μᾶλα
606 699 830 791 ἀγριαίνουσα
857 706 926 771 τᾶν
956 700 1154 791 ἀνθρώπων

98 833 111 872 ι
138 812 178 897 τῇ
201 808 375 899 προσόδῳ,
403 805 474 876 ἀλλ’
503 807 658 894 ύσπεράν
685 808 868 896 χειροήθης
889 806 1065 878 ἀποστᾶσα
1086 814 1154 879 τᾶν

138 919 275 1003 βρεφᾶν
300 913 405 1002 ἠρέμα
427 916 483 982 καί
504 912 587 983 κατᾶ
606 914 736 1001 πολλὴν
755 913 897 1000 ἀλογίαν
919 919 981 985 τού
1002 940 1156 1004 ποιμενι-

100 1026 201 1092 Suos)
226 1019 346 1108 ὁμίλου
373 1019 481 1110 ἀπῄει.
525 1022 581 1088 καὶ
609 1013 653 1107 ἦν
680 1020 744 1108 γάρ
773 1049 824 1101 τις
847 1021 888 1090 ού
909 1021 997 1090 πολὺ
1020 1020 1155 1111 ἀπέχων

139 1128 271 1196 ἐκεῖθεν
296 1125 385 1216 ίερδς
407 1131 515 1214 χῶρος
537 1124 601 1214 ύλη
620 1131 744 1216 βαθείᾳ
763 1125 958 1215 συνηρεφὴς
976 1129 1034 1197 καὶ
1051 1133 1156 1219 πέτρα

137 1239 233 1319 κοίλη
256 1232 364 1320 πηγάς
386 1231 534 1318 ἀνιεῖσα,
558 1234 686 1318 έλέγωο
716 1232 754 1300 δὲ
776 1232 894 1313 Πανός
923 1231 1073 1304 εἶναιτὸ
1098 1236 1156 1305 νᾶ·
1188 1244 1190 1253 ’

99 1375 125 1414 10
138 1363 214 1425 πος,
241 1341 297 1408 καὶ
324 1338 437 1427 βωμός
463 1331 507 1426 ἦν
536 1335 659 1406 αὐτόθι
686 1341 747 1406 τού
775 1343 875 1407 θεοῦ·
907 1345 956 1420 είς
980 1344 1084 1410 τοῦτο
1115 1340 1155 1411 τὸ

138 1452 265 1534 χωρίον
284 1449 433 1515 ἐλθοῦσα
450 1443 703 1532 ἀποκρύπτεται.
734 1443 772 1515 τὸ
793 1445 854 1532 μέν
874 1439 937 1515 οὖν
956 1445 1059 1527 ἀλσος
1078 1447 1155 1518 οὐκ·

138 1555 185 1622 ε’τι
209 1556 371 1641 διαμένει,
394 1550 432 1622 τὸ
457 1551 495 1620 δέ
517 1550 659 1640 ᾶντρον,
684 1553 717 1633 έξ
742 1545 783 1621 οὗ
806 1550 827 1640 ἡ
851 1551 947 1639 λιβᾶς
970 1556 1155 1641 ἐκδίδοται,

136 1665 182 1753 τῷ
221 1666 423 1751 Παλλαντίῳ
465 1662 818 1748 προσῳκοδομημένον
860 1664 1032 1730 δείκνυται
1070 1662 1155 1732 κατὰ

136 1765 198 1853 τὴν
222 1768 275 1834 έπί
297 1765 358 1835 τὸν
382 1765 593 1856 ίππόδρομον
622 1768 795 1856 φέρουσαν
818 1764 915 1852 ὁδόν,
936 1769 993 1836 καὶ
1015 1770 1156 1857 τέμενός

19 1933 31 1951 ,
97 1906 123 1948 15
138 1875 229 1942 έστιν
253 1871 359 1941 αύτού
380 1879 538 1960 πλησίον,
567 1879 654 1941 ἔνθα
682 1872 781 1942 είκόιν
804 1889 908 1943 κεῖται
934 1878 996 1944 τού
1018 1876 1155 1957 πόθους

136 1979 280 2048 λύκαινα
303 1984 452 2059 παιδίοις
470 1980 549 2047 δυσί
568 1979 646 2060 τούς
664 1978 810 2068 μαστοὺς
831 1983 888 2049 έπί
873 1986 1024 2068 ίσχουσα,
1046 1988 1154 2070 χαλκᾶ

136 2085 304 2215 πριήματα
331 2090 473 2165 παλαιᾶς
501 2088 665 2173 ἐργασίας.
715 2079 759 2173 ἦν
788 2084 885 2155 δὲ
852 2114 890 2157 το
923 2094 1051 2175 χωρίον
1083 2095 1152 2159 τᾶν

137 2191 201 2261 σὺν
225 2191 392 2284 Εὐάνδρῳ
419 2191 499 2262 ποτέ
526 2192 727 2262 οίκισᾶντων
756 2193 837 2263 αύτδ
859 2194 1031 2284 Ἀρκᾶδων
1057 2186 1152 2286 ίερδν

96 2317 115 2380 9
136 2328 181 2381 ως
203 2302 341 2388 λέγεται.
384 2297 427 2380 ὡς
452 2298 525 2368 δὲ’
508 2303 631 2388 απέστη
654 2299 691 2371 τδ
715 2307 841 2388 θηρίον
865 2310 1023 2389 αίρουσιν
1042 2307 1080 2372 oc
1095 2331 1152 2373 νο-

96 2440 123 2481 20
137 2415 209 2495 μείς
231 2408 271 2475 τᾶ
295 2410 403 2495 βρέφη
428 2405 581 2494 σπουδὴν
604 2406 804 2494 ποιούμενοι
825 2409 961 2495 τρέφειν
984 2405 1029 2489 ὥς
1051 2415 1224 2486 θεωνειῑ

134 2511 219 2583 αύτά
243 2514 408 2597 σώζεσθαι
427 2515 656 2601 βουλομένων.
692 2506 736 2600 ἦν
755 2516 796 2583 δέ
810 2541 861 2594 τις
883 2516 921 2582 έν
938 2512 1055 2596 αύτοίς
1073 2537 1152 2587 συο-

135 2628 289 2711 φορβίων
335 2625 518 2708 βασιλικῶν
564 2618 824 2708 ἐπιμελούμενος
873 2619 1018 2708 ἐπιεικὴς
1063 2621 1151 2713 ἀνὴρ

138 2727 326 2806 Φαιστύλος
349 2727 473 2815 όνομα,
502 2724 540 2807 δς
567 2729 604 2796 ἐν
632 2731 672 2816 τῇ
695 2726 790 2795 πόλει
813 2726 896 2796 κατά
926 2726 968 2814 δή
992 2755 1025 2797 τι
1047 2727 1152 2818 ἀναγ-

134 2848 233 2901 καῖον
260 2833 409 2921 έγεγόνει
436 2831 515 2900 καθ’
542 2830 583 2901 δν
616 2833 743 2921 χρόνον
770 2830 790 2919 ἡ
819 2832 936 2923 φθορά
963 2837 1023 2921 τῆς
1052 2833 1152 2918 Ἰλίας

95 2969 121 3010 25
134 2940 191 3008 καὶ
210 2932 232 3007 ό
247 2938 345 3019 τόκος
362 2938 529 3027 ἠλέγχετο,
547 2941 603 3008 καί
623 2936 702 3026 μετά
721 2942 824 3006 ταῦτα
843 2943 1073 3028 κομιζομένων
1098 2946 1150 3012 έπλ

134 3044 195 3114 τὸν
222 3045 372 3134 ποταμὸν
399 3050 467 3115 τῶν
495 3050 632 3133 βρεφῶν
659 3060 729 3124 τοίς
756 3048 921 3133 φέρουσιν
950 3045 1035 3115 αύτᾶ
1067 3049 1149 3119 κατά

205 3278 431 3348 1περιέπονσαν
459 3277 581 3365 Sylburg
608 3277 789 3346 περισπῶσαν
813 3277 835 3332 Ο
920 3284 935 3332 7
964 3279 1014 3334 καλ
1042 3297 1097 3337 om.
1125 3282 1146 3334 Β

135 3356 168 3405 16
188 3346 384 3420 ἒπισχοᾶσαΒ
409 3351 413 3418 Ι
436 3345 587 3438 χάλκεαΟ
670 3353 702 3402 18
722 3343 940 3417 οίκησάντωνΟ
1018 3357 1053 3405 20
1072 3347 1145 3408 αύτά

134 3417 305 3561 ῳςὲχδεετῳνΒΒ
355 3429 388 3476 21
405 3423 548 3487 σωζεσθαι
566 3419 746 3492 βουλομένων
761 3421 852 3475 om.B
916 3426 951 3475 25
970 3415 1146 3493 ἠλέγχετοδ
