2454 3916
507 235 671 289 -.-B-
1032 230 1099 297 235

82 397 129 486 τῷ
149 394 246 485 φόνῳ
260 393 341 463 καθ’
363 390 404 463 δν
422 393 549 483 χρόνον
569 391 699 481 δηλαδὴ
712 395 769 462 καί
782 390 820 462 τὸ
836 391 955 472 σκότος
968 384 1098 479 ἐγένετο

84 504 390 582 διασκεδασθέντος
421 505 456 570 έκ
491 505 551 589 τὴς
588 504 762 588 ἐκκλησίας
803 503 864 569 τοῦ
901 498 1012 586 δήμου
1043 499 1102 566 καλ
1211 529 1213 532 ·

27 611 307 695 σσσμονωθέντος
333 612 392 697 τὴς
420 615 572 697 φυλακῆς
599 612 661 676 τοῦ
690 607 863 696 ἡγεμόνος.
914 604 971 674 διά
998 608 1099 673 τοῦτο

82 718 170 800 γοῦν
199 735 282 802 φασι
309 714 371 804 τὴν
401 714 529 804 ἡμέραν
563 720 600 785 ἐν
629 708 648 805 ἡ
675 714 713 784 τὸ
741 715 852 795 πάθος
884 716 1014 800 ἐγένετο
1041 715 1101 798 τὴς

82 826 209 908 τροπὴς
234 827 296 891 τοῦ
324 822 479 911 πλήθους
506 822 685 910 ἐπώνυμον
714 818 801 890 εἶναι
829 821 885 889 καί
913 822 1008 908 μέχρι
1030 822 1099 887 τῶν
1126 845 1140 886 τ

82 924 163 997 καθ’
188 926 275 1016 ἡμᾶς
298 929 432 1017 χρόνιον
456 928 559 1017 ὄχλου
582 927 696 1017 φυγὴν
719 936 905 996 καλεῖσθαι.
952 931 1040 994 ἔοικε
1063 923 1095 991 δ’
1117 927 1138 991 6

83 1032 127 1101 οὐ
150 1032 272 1123 μικράν
290 1033 450 1123 ἀφορμὴν
467 1037 626 1125 παρέχειν
644 1050 716 1114 τοῖς
731 1038 933 1103 θεοποιοῦσι
955 1031 996 1101 τά
1013 1042 1099 1118 θνη-

81 1138 124 1208 τά
146 1142 202 1208 καί
225 1146 273 1221 είς
297 1141 446 1229 οὐρανὸν
468 1141 711 1230 ἀναβιβάζουσι
730 1139 790 1220 τδις
807 1138 916 1227 ψυχάς
938 1143 1006 1208 τῶν
1031 1141 1099 1207 έπι-
1203 1206 1213 1228 ρ

82 1252 205 1334 φανῦν
228 1248 269 1316 τά
293 1248 466 1336 συμβάντα
490 1251 525 1317 έκ
547 1253 609 1317 τοῦ
626 1251 713 1316 θεοῦ
735 1247 811 1335 περὶ
834 1245 897 1334 τὴν
921 1245 1099 1335 σύγκρισιν

81 1358 145 1422 τοῦ
168 1353 294 1439 ἀνδρὸς
317 1358 449 1425 ἐκείνου
471 1356 526 1424 καί
549 1354 611 1442 τὴν
635 1354 814 1442 διάκρισιν.
856 1359 893 1422 έν
916 1379 951 1421 τε
968 1351 1033 1441 γάρ
1051 1357 1097 1444 τῷ
1112 1379 1139 1418 ιο

81 1465 215 1553 βιασμῷ
242 1466 301 1549 τῆς
327 1461 452 1551 μητρὸς
480 1461 584 1532 αὐτοῦ
612 1459 680 1531 είθ’
706 1458 763 1528 ἀπ’
785 1458 979 1549 ἀνθρώπων
1006 1457 1099 1539 τινὸς
1127 1466 1129 1474 ’

82 1565 151 1635 είθ’
176 1565 242 1637 ῦπδ
270 1573 358 1638 θεοῦ
389 1571 559 1660 γενομένῳ
583 1568 652 1638 τὸν
683 1567 783 1657 ἡλιον
816 1570 963 1636 έκλιπεϊν
993 1585 1098 1654 φασιν

82 1671 166 1742 ὅλον
193 1675 248 1742 καὶ
277 1674 396 1755 σκότος
421 1679 592 1755 παντελῶς
619 1672 730 1763 ὥσπερ
759 1678 796 1743 ἐν
823 1674 919 1743 νυκτλ
947 1674 1099 1760 τὴνγὴν

81 1795 259 1868 κατασχεῖν
293 1787 330 1850 ἔν
357 1809 392 1851 τε
423 1786 463 1871 τῇ
494 1786 631 1871 τελευτῇ
664 1782 769 1850 αὐτοῦ
796 1779 897 1851 ταύτὸ
928 1783 1099 1868 συμβῆναι

81 1890 219 1974 λέγουσι
238 1887 357 1967 πάθος.
393 1886 411 1956 ὁ
432 1887 494 1976 μὲν
514 1886 557 1976 δὴ
575 1894 689 1968 κτίσας
706 1887 769 1976 τὴν
787 1885 918 1975 Ῥώμην
936 1888 992 1956 καλ
1010 1890 1098 1974 προῦ-

81 2022 141 2074 τος
162 1991 377 2082 ἀποδειχθεὶς
403 1992 460 2063 ὑπ’
486 1993 589 2083 αῦτὴς
615 1994 773 2083 βασιλεὺς
791 1993 960 2084 Ῥωμύλος
986 1992 1099 2064 τοιαῦ-

1119 1859 1138 1924 7
1194 1862 1202 1873 .

1113 1947 1139 1988 ιε

80 2128 142 2188 της
181 2102 310 2188 λέγεται
351 2106 504 2190 τελευτῆς
547 2117 675 2190 τυχεῖν,
714 2098 877 2188 οῦδεμίαν
918 2103 951 2183 ἐξ
994 2097 1099 2169 αὑτοῦ

80 2208 204 2295 γενεὰν
227 2206 434 2295 καταλιπόν,
459 2206 538 2277 ἑπτά
563 2208 624 2296 μὲν
648 2214 703 2295 ἔτη
722 2209 777 2276 καλ
799 2207 981 2297 τριάκοντα
1003 2213 1098 2293 βασι-

22 2313 224 2401 παλεύσας,
247 2312 474 2400 πεντηκοστὸν
503 2314 541 2383 δὲ
567 2315 623 2382 καὶ
650 2315 800 2402 πέμπτον
828 2319 900 2392 ἔτος
923 2318 1009 2400 ἔχων
1032 2309 1097 2380 ἀπὸ

81 2425 208 2509 γενεάς.
248 2423 326 2501 νέος
348 2418 411 2509 γάρ
431 2419 473 2508 δὴ
492 2419 705 2490 παντάπασιν
725 2425 819 2506 ἔτυχε
840 2423 900 2507 τῆς
916 2416 1098 2505 ἡγεμονίας
1111 2452 1139 2493 20

83 2526 385 2612 ὀκτωκαιδεκαέτης
399 2525 502 2612 <ἀν>,
517 2524 562 2605 ὡς
580 2524 723 2607 ἅπαντες
742 2524 969 2614 ὁμολογοῦσιν
989 2527 1024 2592 οί
1039 2522 1098 2604 τάς

81 2633 159 2720 περὶ
182 2630 288 2701 αὐτοῦ
312 2630 566 2721 συγγράψαντες
588 2635 745 2720 ἱστορίας.
1051 2722 1053 2724 ρ

122 2754 149 2797 7
173 2740 274 2806 LVII.
311 2743 363 2831 Τῷ
389 2737 422 2807 δ’
450 2741 523 2827 ἕξὴς
546 2742 689 2832 ἐνιαυτῷ
717 2737 873 2826 βασιλεὺς
899 2737 962 2827 μὲν
986 2736 1099 2818 οὐδεὶς

82 2843 267 2934 ἀπεδείχθη
285 2843 476 2934 Ῥωμαίων,
505 2845 591 2934 ἀρχὴ
614 2849 655 2916 δέ
674 2875 739 2934 τις,
766 2843 810 2934 ἡν
836 2849 977 2914 καλοῦσι
999 2863 1097 2932 μεσο-

81 2958 268 3040 βασίλειον,
296 2956 483 3041 ἐπεμελεῖτο
509 2957 579 3022 τῦν
606 2959 734 3022 κοινοῦν
758 2953 896 3022 τοιόνδέ
919 2979 996 3022 τινα
1022 2950 1098 3040 τρό-
1111 2982 1138 3024 ει

83 3084 150 3128 πον
178 3056 461 3148 ἀποδεικνυμένη·
492 3064 562 3129 τῶν
589 3067 773 3149 πατρικίων
804 3064 840 3128 οἱ
869 3062 1097 3147 καταγραφέν-

81 3192 135 3246 τες
158 3171 206 3246 εἰς
228 3164 289 3254 τὴν
313 3167 443 3254 βουλὴν
470 3164 536 3236 ὑπὸ
555 3164 729 3255 Ῥωμύλου
753 3165 920 3234 διακόσιοι
942 3163 1004 3233 τὸν
1025 3162 1097 3257 άριῑ

154 3367 169 3416 1
186 3357 329 3430 ὃηλαδὴΟ
345 3357 380 3431 δὴ
397 3358 465 3430 ζάλη
475 3379 498 3418 ο.
509 3363 611 3418 Βείελεε
625 3357 643 3432 ἡ
660 3356 879 3484 ζάληΚὶοεεΙίορ
933 3364 990 3427 4γε
1006 3351 1095 3413 οῦνΟ

82 3439 117 3487 12
132 3430 351 3521 γ<ι>νομένφΒ
407 3440 440 3488 13
458 3431 595 3496 παντελὲς
608 3451 632 3488 ο.
646 3431 749 3518 Βεὶρλξο
808 3436 841 3485 21
874 3427 1098 3497 κτωκαιδεκέτης

80 3504 128 3558 Bb
144 3507 149 3573 Ι
166 3524 207 3558 ων
230 3503 293 3558 add.
309 3504 465 3560 Ambrosoh
532 3510 567 3559 22
584 3503 650 3575 περὶ
668 3522 758 3558 αντον
779 3520 802 3557 ο.
822 3499 912 3558 Cobet
931 3498 997 3554 Oba
1015 3517 1042 3570 p.
1061 3506 1096 3555 52
