2454 3916
487 222 652 276 ..Β-

58 382 312 466 καταλεγέντων
346 384 395 460 είς
425 377 507 448 αύτὸ
537 379 675 469 ἀνδρῶν
707 377 728 469 ἢ
762 381 806 450 δι’
837 380 961 471 άρετην
997 381 1075 450 ταύ-

58 515 119 575 της
143 492 236 574 έτυχε
266 489 326 575 τῆς
352 485 554 573 ἐπικλήσεως
581 483 643 555 ούκ
671 492 734 574 ἔχω
761 485 800 557 τό
828 489 933 576 σαφὲς
960 494 1076 559 είπεῖν.

58 595 117 664 καὶ
140 590 205 681 γάρ
228 591 307 672 τούς
328 594 576 682 πρεσβυτέρους
597 595 654 662 καὶ
677 592 756 674 τοὺς
778 592 937 683 ἀρίστους
958 598 1075 683 γέρον-

59 727 121 781 τας
144 699 311 768 εἰώθεσαν
336 701 371 768 οί
390 701 528 769 παλαιοί
541 707 666 768 καλεῖν.
704 703 740 768 οί
755 700 793 768 δὲ
807 704 999 788 μετέχοντες
1013 707 1075 771 τού

59 811 308 894 βουλευτηρίου
329 807 467 895 πατέρες
485 812 647 896 ἔγγραφοι
668 807 997 897 προσηγορεύθησαν
1019 809 1075 877 καὶ
1102 825 1116 868 ⁶

59 916 176 1002 μέχρις
221 914 303 1000 ἐμοῦ
347 911 470 1000 ταύτης
511 912 697 1000 ἐτύγχανον
738 917 796 1001 τῆς
840 921 1075 1003 προσηγορίας.

54 1017 256 1106 Ἑλληνικὸν
280 1019 317 1087 δὲ
340 1017 406 1108 ὅρα
423 1021 480 1089 καὶ
498 1023 597 1088 τούτο
613 1018 695 1107 <τὸ>
711 1024 791 1099 ἔθος
808 1011 862 1106 ἦν.
902 1034 973 1101 τοῖς
990 1026 1076 1108 γοῦν
1094 1024 1116 1088 4

60 1130 271 1214 βασιλεῦσιν,
295 1123 370 1195 ὅσοι
393 1151 428 1194 τε
455 1131 616 1213 πατρίους
641 1123 745 1214 άρχὰς
770 1127 998 1215 παραλάβοιεν
1019 1128 1077 1195 καὶ

60 1231 165 1314 ὅσους
191 1231 212 1321 ἡ
241 1231 375 1320 πληθύς
401 1230 485 1320 κύτη
516 1231 759 1320 καταστήσαιτο
786 1231 969 1321 ἡγεμόνας,
996 1240 1076 1321 βου-

60 1338 240 1428 λευιήριον
267 1332 311 1427 ἦν
339 1340 375 1408 ἐκ
401 1343 470 1408 τοόν
497 1344 699 1427 κρατίστων,
728 1336 773 1420 ὡς
791 1338 937 1428 Ὅμηρός
962 1367 998 1408 τε
1020 1340 1077 1407 καὶ
1090 1369 1116 1409 ιο

60 1450 98 1516 οί
126 1446 344 1516 παλαιότατοι
374 1450 444 1515 τόν
477 1449 626 1533 ποιητῶν
663 1450 885 1536 μαρτυροῦσι·
920 1448 978 1516 καὶ
1015 1445 1076 1534 ούχ

15 1552 177 1643 2ο2ὥσπερ
201 1557 239 1622 ἐν
261 1567 332 1634 τοϊς
349 1551 432 1622 καθ’
452 1550 539 1641 όμάς
557 1551 694 1641 χρόνοις
712 1551 875 1634 αύθάὸεις
897 1555 953 1622 καὶ
976 1579 1075 1641 μονο-

60 1660 235 1749 γνώμονες
257 1652 345 1747 ἦσαν
368 1663 406 1727 αί
425 1662 494 1727 τόν
517 1657 668 1748 άρχαίων
687 1662 853 1746 βασιλέων
872 1664 1076 1728 δυναστεῖαι.

118 1770 241 1836 >xm
273 1764 331 1847 Ὡς
359 1766 396 1834 δὲ
422 1766 687 1835 κατεσκευάσατο
714 1768 771 1834 καὶ
795 1765 833 1836 τὸ
856 1764 1076 1854 βουλευτικὸν

63 1879 131 1945 τάν
153 1872 325 1962 γερόντων
339 1873 521 1960 συνέδριον
546 1874 663 1960 ἐκτῶν
680 1871 798 1941 ἑκατόν
817 1871 965 1961 ἀνδρῶν,
984 1870 1075 1961 ὅροὸν
1090 1901 1116 1943 τε

63 1980 144 2067 ὅπερ
168 1978 257 2059 είκὸς
280 1977 332 2047 ὅτι
355 1981 410 2048 καί
433 1978 590 2066 νεότητος
612 1977 701 2071 αύτῷ
721 1979 832 2067 δεήσει
849 1978 942 2059 τινὸς
960 1998 1076 2048 συντε-

61 2089 243 2177 ταγμένης,
275 2077 297 2174 ᾗ
329 2085 485 2173 χρήσεται
517 2090 668 2173 φυλακῆς
701 2089 797 2155 ἕνεκα
829 2091 904 2177 τοῦι
924 2085 1076 2174 σώματος

63 2196 116 2264 καί
140 2191 225 2281 πρὸς
247 2191 288 2261 τά
311 2196 548 2278 κατεπείγοντα
570 2197 639 2260 τῶν
663 2197 771 2280 ἔργων
789 2187 965 2282 ὑπηρεσίᾳ,
985 2219 1076 2280 τρια-

62 2306 199 2379 κοσίους
230 2297 361 2388 ἄνδρας
390 2300 425 2366 ἐκ
456 2301 524 2365 τῶν
557 2298 829 2385 ἐπιφανεστάτων
863 2307 966 2367 ολκων
997 2296 1077 2378 τοὺς

64 2404 375 2496 ἐρρωμενεστάτους
415 2417 485 2484 τοίς
531 2403 682 2492 σάμασιν
724 2404 971 2492 ἐπιλεξάμενος,
1018 2400 1077 2485 οὓς
1090 2433 1117 2474 το

37 2566 46 2575 -
64 2512 240 2594 ἀπέδειξαν
263 2514 301 2580 αλ
322 2515 468 2601 φρᾶτραι
490 2510 550 2579 τὸν
574 2510 679 2581 αὐτὸν
701 2511 844 2601 τρόπον,
873 2509 975 2599 ὅνπερ
997 2510 1077 2591 τοὺς

64 2617 249 2707 βουλευτὰς
277 2618 395 2705 ἑκάστη
423 2617 556 2706 φράτρα
579 2619 659 2687 δέκα
686 2620 800 2703 νέους,
827 2618 969 2698 τούτους
997 2615 1077 2698 τούς

64 2725 192 2814 ύνὸρας
212 2724 265 2794 άεί
288 2727 364 2814 περὶ
387 2722 491 2794 αὑτὸν
515 2722 616 2813 είχεν·
649 2723 758 2811 ὅνομα
778 2725 816 2794 δέ
833 2723 952 2794 κοινὸν
970 2723 1115 2796 ἅπαν-2

64 2859 115 2915 τες
138 2824 233 2903 οὗτοι
257 2839 356 2921 ἔσχον
378 2833 537 2918 κελέριοι,
561 2830 606 2913 ὡς
628 2831 690 2919 μὲν
714 2835 750 2900 οί
769 2837 904 2912 πλείους
925 2833 1076 2921 γράφου-

135 3000 152 3048 2
171 2990 294 3063 κλησεως
313 3011 335 3050 ο.
357 2993 514 3062 stephanus
531 2996 535 3064 Ι
551 2988 582 3048 τὰ
602 2987 696 3082 άσφαλ
700 2992 767 3055 ὲςΑ
838 2999 854 3047 3
874 2988 941 3055 τούς
956 2996 1077 3079 πρεσβυ-

66 3062 167 3128 τάτους
195 3084 218 3122 ο.
242 3065 333 3121 Cobet
357 3065 421 3120 Obs
445 3083 487 3150 p
492 3070 526 3118 42
553 3069 557 3132 1
582 3063 631 3119 καί
653 3059 784 3133 άρίστους
807 3064 833 3117 Α
914 3070 929 3118 7
953 3060 985 3119 τὸ
1012 3067 1075 3122 add

67 3134 208 3207 Kiessling
294 3142 327 3191 14
349 3130 557 3191 κατεσκεύαστο
582 3153 604 3190 ο.
628 3136 783 3191 Ambrosch
871 3142 903 3190 18
922 3131 1077 3221 ὑπηρεσίας

67 3208 245 3263 e.Buch01er
317 3214 351 3262 20
369 3207 420 3261 τού
445 3203 615 3294 σάματοςΑ
687 3213 721 3261 22
742 3201 774 3261 ἕκ
793 3200 879 3275 άστης
904 3202 1028 3294 φράτραν
1051 3207 1077 3260 A

69 3273 372 3412 ξὸάὸιὸὅὸιντὸὅάὸὅτοὸ
388 3274 721 3435 έσχὸὅύτὸυςαύὸντὸὅὺςο
730 3277 800 3403 Ακαί
828 3285 881 3403 νὸὅ
904 3271 1077 3412 ὅὸιὸἐὸτηὸεὸ

72 3417 148 3490 ἔσχον
166 3419 356 3548 {lecfikcobet
373 3420 439 3475 ὅτε.
454 3421 531 3476 Lect.
550 3440 577 3491 p,
593 3427 643 3477 371
667 3438 794 3482 απαντες
808 3412 872 3474 ὅσοι
890 3413 1076 3486 συγκατέστη-

72 3508 161 3549 aare.
222 3509 283 3548 ιεσ
