2454 3916
138 214 181 278 62
563 213 728 266 -Α-

136 380 238 441 παλιν
266 377 325 461 τῆς
350 370 433 440 κατά
460 371 566 460 φύσιν
593 385 664 452 τοῖς
687 370 781 464 ζῳοις
807 377 944 458 πορείας
966 372 1153 460 ἐπισπώμε-

136 506 196 559 νος
219 478 362 567 ἑκάστην
384 477 455 547 κατ’
483 478 598 567 ούράν.
621 478 777 547 τοῦτοδὲ
800 476 889 570 αύτῳ
912 482 980 547 τῶν
1004 480 1152 566 ἐλέγχων

127 584 330 674 ,άῳανισμὸν
367 585 509 655 ἐδύνατο
547 600 731 674 παρασχεῖν
767 588 922 665 ἐναντίας
957 587 1151 672 φανησομέ-

135 720 197 780 νης
218 706 289 772 τοῖς
312 701 418 780 ίχνεσι
439 697 498 780 τῆς
522 691 615 761 ὁδοῦ.
661 689 806 772 άναστδς
829 691 867 760 δέ
889 690 959 779 μετ’
986 691 1104 778 ὀλίγον
1130 688 1150 760 ὁ

132 796 297 886 Ἡρακλῆς
327 800 383 867 καλ
414 798 475 868 τὸν
503 797 653 888 άριθμὸν
685 798 917 886 ἐπιλεξάμενος
942 803 1011 868 τῶν
1042 803 1149 886 βοῶν,

136 902 181 985 ῶς
208 908 316 994 ἔμαθέ
339 933 434 986 τινας
461 905 695 992 ἐκλειπούσας,
730 907 812 986 τέως
843 905 905 993 μὲν
929 903 1046 994 ῆπόρει
1078 908 1146 974 ποῦ

134 1012 339 1100 κεχωρήκασι
375 1014 431 1080 καὶ
468 1010 513 1092 ῶς
547 1015 802 1101 πεπλανημένας
842 1009 907 1081 άπὸ
946 1016 1006 1099 τῆς
1041 1016 1151 1099 νομῆς

135 1117 315 1205 ἐμάστευεν
348 1116 413 1186 άνδι
440 1116 500 1186 τὸν
527 1123 657 1207 χῶρον·
690 1116 735 1198 ῶς
763 1116 793 1185 δ’
826 1115 885 1205 ούχ
913 1116 1067 1206 εὕρισκεν
1095 1119 1150 1186 ἐπὶ

134 1221 171 1292 τὸ
196 1223 362 1322 σπῆλαιου
385 1223 575 1311 άφικνείται
597 1239 667 1305 τοϊς
693 1224 755 1312 μέν
780 1235 885 1313 ἴχνεσι
910 1224 1148 1313 διαρτώμενος,

95 1359 121 1400 10
136 1328 237 1399 οὐδὲν
270 1331 308 1400 δέ
339 1322 439 1418 ῆττον
473 1330 628 1419 οἰόμενος
660 1335 732 1399 δεῖν
771 1330 1055 1419 διερευνήσασθαι
1086 1329 1149 1400 τὸν

135 1441 255 1525 χῶρον.
282 1441 343 1507 τού
363 1437 401 1506 δέ
415 1437 532 1506 Κάκου
555 1436 619 1526 πρὸ
634 1442 693 1525 τῆς
705 1437 816 1526 θύρας
839 1439 979 1516 ἑστῶτος
1000 1438 1056 1506 καλ
1076 1435 1146 1506 οὔτ’

136 1546 221 1612 ίδεῑν
249 1542 307 1624 τδις
338 1548 421 1630 βοῆς
451 1543 640 1630 φάσκοντος
672 1546 819 1635 ἐρομένῳ
845 1541 914 1611 οὔτ’
940 1545 1149 1631 ἐρευνᾶσθαι
1187 1591 1191 1596 -

134 1652 368 1739 ἐπιτρέποντος
400 1653 587 1742 αἰτουμένῳ
620 1650 698 1731 τούς
729 1678 764 1719 τε
794 1654 938 1737 πλησίον
972 1647 1016 1730 ῶς
1048 1649 1202 1720 δεινά1οο

133 1757 255 1844 πάσχοι
278 1754 343 1825 ύπδ
366 1760 427 1824 τού
451 1760 549 1838 ξένου
568 1760 781 1844 ἐπιβοῶντος,
804 1755 985 1844 άμῆχαυῶυ
1009 1754 1027 1826 ὁ
1047 1755 1151 1845 Ἡρα-

94 1889 120 1930 ιε
133 1866 214 1949 κλῆς
242 1861 261 1930 ὅ
288 1890 320 1931 τι
346 1862 501 1950 χρῆσεται
532 1868 579 1955 τῶ
607 1863 773 1951 πράγματι
801 1868 848 1943 είς
875 1868 961 1932 νοῦν
989 1862 1150 1949 βάλλεται

132 1968 337 2057 προσελάσαι
359 1973 404 2060 τῳ
429 1974 579 2060 σπηλαίῳ
602 1966 660 2048 τὰς
687 1968 791 2050 άλλας
812 1973 902 2056 βούς.
948 1966 993 2050 ῶς
1015 1968 1054 2036 δὲ
1077 1968 1146 2058 άρα

132 2080 191 2162 τῆς
205 2073 380 2162 συννόμου
392 2077 508 2162 φωνῆς
522 2101 556 2143 τε
570 2076 625 2142 καλ
636 2072 740 2163 ὀσμῆς
754 2078 791 2142 αί
804 2080 966 2144 ἐντοσθευ
980 2075 1147 2165 ῆσθοντο,

133 2180 367 2269 ἀντεμυκῶντο
404 2194 476 2260 ταῖς
512 2186 673 2250 ἔκτοσθεν
708 2184 764 2249 καλ
800 2182 948 2269 ἐγεγόνει
984 2180 1005 2269 ῆ
1043 2183 1143 2272 φωνῆ

92 2286 244 2363 4αύτῶν
267 2287 452 2375 κατῆγορος
473 2290 532 2374 τῆς
553 2291 685 2374 κλοπῆς.
716 2285 815 2375 δμέν
840 2279 902 2356 οὖν
918 2287 1040 2375 Κάκος,
1055 2292 1143 2358 ἐπει·

92 2422 118 2463 νο
133 2395 174 2482 δῆ
197 2393 384 2483 περιφανὴς
407 2396 537 2480 ἐγένετο
560 2399 771 2483 κακουργῶν,
796 2396 950 2482 τρέπεται
976 2394 1060 2485 πρὸς
1089 2393 1147 2467 άλ-

131 2502 194 2590 κῆν
217 2504 272 2571 καὶ
300 2500 379 2582 τούς
401 2502 565 2582 εἰωθότας
587 2500 676 2594 αύτῳ
705 2510 952 2589 συναγραυλεῖν
975 2500 1145 2573 ἀνεκάλει·

126 2607 291 2696 Ἡρακλῆς
325 2607 362 2676 δὲ
390 2605 516 2676 ἀλοιῶν
549 2606 652 2677 αὐτὸν
680 2612 725 2700 τῷ
758 2607 893 2699 ῥοπάλῳ
921 2613 1059 2696 κτείνει,
1086 2610 1146 2680 καλ

131 2714 189 2794 τάς
228 2719 311 2801 βούς
347 2698 536 2800 ἐξαγαγῶν,
577 2713 690 2800 ἐπειδὴ
725 2713 924 2814 κακούργων
960 2712 1147 2804 ὑποδοχαῖς

131 2819 273 2890 εύθετον
293 2819 380 2908 ἑιόρα
393 2817 431 2888 τὸ
450 2823 586 2907 χωρίον,
609 2818 882 2911 ἐπικατασκάπτει
898 2824 939 2910 τῆ
955 2821 1147 2910 καλαύροπι

204 3058 218 3104 1
239 3044 468 3175 ἐπισπ<όέμενος
490 3049 513 3104 Β
584 3049 794 3121 3φαινομένης
816 3051 839 3105 Β
905 3049 1033 3122 θέμαθε
1052 3048 1144 3117 τάςΟ

132 3120 225 3194 ἔμαθέ
249 3141 327 3183 τινας
377 3120 443 3175 obet
471 3120 535 3176 Oba.
563 3140 590 3192 p.
611 3129 645 3177 30
726 3127 742 3175 8
765 3118 815 3177 τὸν
839 3121 975 3191 χῶρονΒ
1007 3118 1061 3193 τῆν
1089 3125 1144 3195 χῶ-

132 3215 185 3264 ραν
203 3194 229 3247 R
304 3199 337 3248 10
364 3194 426 3246 δεῖν
445 3190 568 3248 ὃοὴωὶλτ
586 3189 703 3248 εἷναιΟ
777 3199 810 3246 12
830 3189 905 3255 *τάς
924 3189 993 3266 βόας
1012 3194 1035 3248 O
1052 3199 1056 3264 Ι
1074 3193 1145 3266 ἐρω-

131 3264 206 3336 μένῳ
225 3265 270 3320 Ba
352 3269 384 3318 13
412 3264 587 3331 κλῆσίουςΒ
668 3270 701 3318 15
729 3259 861 3332 χρήσεται
884 3265 931 3320 Bb
958 3261 1094 3335 χρήσαιτο
1116 3267 1144 3322 Α

166 3344 200 3392 16
219 3331 289 3398 *τάς
309 3329 419 3403 βόαςΟ
493 3341 526 3389 18
546 3333 666 3390 ἔκτοθεν
684 3336 737 3390 ΑΒ
762 3339 766 3404 Ι
790 3336 840 3390 καλ
861 3335 979 3405 γέγονεν
1002 3354 1026 3393 ο.
1044 3336 1145 3392 Kiess-

130 3409 191 3478 ling
255 3413 289 3462 22
309 3400 404 3460 άλύων
423 3406 469 3460 Bb
488 3401 581 3460 άλοῶν
600 3423 622 3460 ο.
634 3405 756 3460 Reudler
770 3405 861 3460 Τίτου.
880 3425 906 3477 p.
919 3412 952 3462 10
1015 3413 1051 3467 28
1069 3403 1145 3472 *τὰς

131 3475 200 3553 βόας
219 3478 242 3534 O
316 3483 350 3532 24
368 3477 402 3546 τῆ
421 3471 581 3546 καλαύροπι
598 3479 623 3531 Α
641 3477 679 3530 τῶ
695 3472 804 3531 κάλωπι
822 3478 868 3532 Ba
885 3477 923 3531 τῶ
942 3478 1033 3535 ulmal
1047 3478 1097 3535 Bb
