2454 3916
521 222 688 272 -Γ-

100 388 175 476 λετο
199 378 260 466 μὲν
284 377 474 446 ἀποδοῦναι
491 390 563 457 τοῖς
581 374 688 464 ῆρωσι
711 376 775 464 τῆν
793 373 907 463 εὐχῆν,
931 377 968 444 ἐν
988 373 1104 465 άπορίχ

102 486 138 553 δὲ
170 478 214 572 ῆν
246 489 352 573 πολλῆ
384 483 444 552 τόν
482 486 639 570 μέγιστον
673 481 714 551 οὐ
745 482 935 570 δυνάμενος
967 484 1113 570 ἐξευρεῖν

100 592 237 679 βότρυν.
283 589 466 677 ἀδημονῶν
494 587 527 657 δ’
557 591 611 658 ἐπὶ
638 593 683 680 τῷ
711 588 881 677 πράγματι
908 587 987 668 τοὺς
1010 586 1114 667 θεοὺς

99 697 196 784 ῆξίου
225 696 270 765 δι’
300 700 435 766 οἰωνῶν
463 694 615 784 φανερὸν
649 693 738 786 αὐτῷ
766 698 905 782 ποιῆσαι
932 694 969 764 τὸ
999 695 1115 781 ζητού-

100 831 214 892 μενον.
260 801 361 872 ἔπειτ’
387 805 534 872 ἐπελθὸν
563 801 653 895 αὐτῷ
680 801 763 870 κατὰ
791 805 938 889 δαίμονα
961 805 1037 891 διχῆ
1060 803 1141 870 νέ-σ

101 936 155 996 μει
182 909 242 978 τὸν
270 908 465 997 ἀμπελῶνα,
493 908 621 997 θάτερα
648 907 710 995 μὲν
738 906 844 976 αιἰιοῦ
872 907 1055 994 λαμβάνων
1079 910 1115 976 ἐκ
1211 958 1217 966 -

103 1019 223 1102 δεξιάς,
245 1015 374 1104 θάτερα
399 1013 431 1083 δ’
452 1017 486 1097 ἐξ
509 1013 696 1103 άριστεράς,
720 1012 828 1083 ἔπειθ’
849 1012 934 1103 ὑπὲρ
958 1015 1115 1100 ἑκατέρου

100 1126 169 1189 τῶν
211 1127 323 1210 μερῶν
364 1120 460 1202 τοὺς
481 1124 748 1209 παρακειμένους
791 1120 936 1201 οἰωνοὺς
974 1120 1116 1190 ἐσκόπει.

102 1231 281 1315 φανέντων
305 1227 336 1296 δ’
363 1229 417 1297 ἐπὶ
438 1230 588 1314 θατέρου
610 1230 733 1314 μέρους
756 1225 924 1316 ὀρνίθων,
950 1232 1033 1296 οἵων
1057 1224 1115 1294 αό-

101 1332 158 1413 τὸς
187 1336 359 1420 ἐβούλετο,
390 1333 492 1402 πάλιν
525 1335 632 1401 ἐκεῖνο
666 1336 742 1421 διχῆ
778 1331 886 1422 διῆρει
918 1331 955 1401 τὸ
989 1338 1116 1420 χωρίον
1131 1367 1156 1407 10

102 1440 157 1507 καὶ
179 1438 257 1518 τοὺς
280 1439 426 1528 όρνιθας
449 1440 595 1527 διέκρινε
617 1437 697 1518 τοὺς
718 1442 1011 1525 παραγινομένους
1032 1437 1115 1506 κατά

48 1543 143 1617 σεετὸ
167 1543 258 1613 αὐτό.
308 1544 411 1633 ταύτῃ
443 1543 614 1632 χρεόμενος
645 1547 685 1633 τῆ
714 1547 875 1631 διαιρέσει
905 1548 972 1613 τῶν
1002 1544 1116 1613 τόπων

101 1653 156 1719 καί
188 1649 249 1737 τῆν
288 1650 430 1739 ἐσχάτην
463 1648 529 1719 ὑπὸ
567 1655 636 1719 τῶν
669 1648 823 1739 ὀρνίθων
854 1648 1116 1738 ἀποδειχθεῖσαν

102 1757 250 1845 άμπελον
273 1755 435 1826 ὑπελθῶν
453 1755 600 1846 εὑρίσκει
619 1756 763 1846 βότρυος
786 1756 928 1826 άπιστόν
950 1783 982 1824 τι
1006 1762 1116 1844 χρῆμα

101 1865 156 1932 καί
179 1862 284 1933 αὐτὸν
307 1865 422 1951 φέρων
442 1863 494 1932 ἐπί
516 1861 580 1950 τῆν
602 1863 746 1931 καλιάδα
763 1868 831 1933 τῶν
854 1862 976 1954 ῆρῶων
996 1862 1114 1951 ὁρᾶται
1130 1896 1155 1938 ις

102 1969 185 2057 πρὸς
216 1975 278 2039 τοῦ
308 1971 442 2059 πατρός.
496 1969 712 2058 θαυμάσαντι
744 1971 783 2040 δὲ
815 1970 853 2040 τὸ
886 1973 1029 2059 μέγεθος
1057 1974 1153 2058 τῆς4

104 2081 274 2164 σταφυλῆς
298 2077 355 2144 καί
377 2077 487 2145 πόθεν
513 2076 644 2165 εἰλήφει
671 2081 922 2169 πυνθανομένῳ
953 2081 1116 2164 διηγεῖται

102 2182 211 2251 πάντα
234 2184 267 2265 ἐξ
291 2181 404 2271 ἀρχῆς.
450 2182 469 2252 ὁ
493 2182 525 2251 δ’
550 2182 742 2271 ὑπολαβών,
765 2182 847 2271 ὅπερ
869 2177 925 2272 ῆν,
949 2182 1117 2270 ἐμφύτους

104 2289 195 2357 εἰναί
222 2317 317 2370 τινας
352 2289 456 2379 άρχδις
487 2295 648 2378 μαντικῆς
684 2293 720 2359 ἐν
752 2294 798 2382 τῷ
835 2295 946 2377 παιδί,
978 2294 1117 2378 κομίσας

104 2393 208 2467 αὐτὸν
238 2401 286 2476 εἰς
314 2395 377 2483 τῆν
406 2395 508 2464 πόλιν
537 2393 741 2484 γραμμάτων
774 2396 991 2476 διδασκάλοις
1023 2402 1116 2465 συνί-
1130 2429 1157 2469 εο

105 2521 235 2589 στησιν·
258 2503 327 2570 ἐπεὶ
347 2501 385 2570 δὲ
403 2505 461 2589 τῆς
478 2506 595 2590 κοινῆς
612 2505 764 2582 παιδείας
782 2499 1004 2590 άποχρῶντως
1027 2511 1116 2590 μετέ-

104 2614 195 2695 λαβε,
231 2613 418 2698 Τυρρηνῶν
455 2606 560 2677 αὐτὸν
593 2612 806 2696 παραδίδωσι
841 2613 887 2701 τῷ
924 2610 1116 2700 λογιωτάτῳ

104 2713 166 2800 τῆν
190 2713 457 2803 οἰωνοσκοπικὴν
479 2717 599 2802 τέχνην
618 2714 925 2803 διδαχθησόμενον.
970 2721 1055 2803 ἔχων
1079 2716 1117 2784 δέ
1135 2721 1156 2787 5

104 2819 167 2907 τῆν
195 2823 344 2908 ἐμφντον
372 2820 391 2890 ὁ
421 2825 546 2908 Νέβιος
575 2818 740 2909 μαντικῆν
769 2823 824 2891 καί
852 2821 914 2910 τῆν
942 2825 1117 2910 ἐπίκτητον

177 3055 194 3103 5
214 3043 328 3104 ἐλθόν
350 3049 374 3103 Β
399 3050 404 3119 Ι
429 3051 506 3119 διχῆι
529 3051 555 3103 Α
582 3050 648 3120 διχῆ
672 3049 695 3103 Β
720 3053 725 3120 Ι
749 3049 847 3122 νέμειν
870 3052 894 3108 Ο
922 3071 991 3109 corr.
1014 3052 1117 3109 Reiske

107 3127 123 3176 8
141 3119 386 3191 παραγινομένους
405 3137 428 3176 ο.
443 3121 571 3176 ΗειλΙοίπ
584 3121 700 3177 Hermes
715 3123 740 3176 X
754 3141 781 3192 p.
792 3128 853 3193 412,
868 3122 956 3180 Cobet
970 3123 1035 3180 Obs.
1045 3142 1072 3194 p.
1084 3130 1117 3179 73

107 3198 194 3247 9-13
217 3191 304 3247 verba
332 3192 414 3246 οἴων.
435 3187 634 3255 αὐτὸς-τῶν
665 3187 792 3264 ὀρνίθων
820 3211 875 3250 om.
893 3197 919 3248 A
996 3201 1028 3248 11
1052 3190 1117 3251 άνέ·

107 3282 184 3332 κρινε
212 3280 235 3318 ο.
264 3262 404 3333 Kiessling
430 3263 475 3317 Pr.
503 3264 566 3318 Bas.
594 3269 657 3331 μθ
744 3271 778 3318 14
806 3261 936 3319 ἐπελθον
964 3282 987 3320 ο.
1015 3265 1117 3320 Reiske

108 3340 140 3389 15
154 3329 278 3389 καλιάδα
291 3334 313 3388 Β
333 3330 435 3389 καλιάν
449 3335 474 3388 R
543 3341 575 3389 11
591 3329 704 3404 εἰλῆφοι
717 3335 846 3390 Hertlein
856 3335 1008 3390 HermesX
1022 3354 1049 3406 p.
1065 3343 1117 3391 412

108 3411 141 3461 18
160 3400 189 3460 δ’
209 3400 360 3478 ὑπολαβὼν
378 3408 404 3459 A
432 3403 464 3459 δὲ
487 3400 567 3460 δπολ.
586 3406 612 3459 Β
688 3412 721 3461 19
744 3402 881 3477 μαντικὰς
903 3410 929 3461 A
1000 3413 1034 3462 21
1055 3403 1118 3463 ἐπεὶ

108 3473 139 3531 δέ
159 3477 181 3529 Β
201 3472 299 3546 ἐπειδὴ
320 3474 351 3532 δέ
371 3477 396 3530 R
412 3478 416 3546 λ
432 3477 518 3533 verba
535 3476 863 3544 κοινῆς-παραδίδωσι
882 3494 935 3533 om.
955 3479 1001 3533 Ba
1094 3517 1099 3526 -
