<?xml version="1.0" encoding="UTF-8"?>
<!DOCTYPE html PUBLIC "-//W3C//DTD XHTML 1.0 Transitional//EN"
    "http://www.w3.org/TR/xhtml1/DTD/xhtml1-transitional.dtd">
<html xmlns="http://www.w3.org/1999/xhtml" xml:lang="en" lang="en">
 <head>
  <title>
</title>
<meta http-equiv="Content-Type" content="text/html;charset=utf-8" />
  <meta name='ocr-system' content='tesseract 3.04.00' />
  <meta name='ocr-capabilities' content='ocr_page ocr_carea ocr_par ocr_line ocrx_word'/>
</head>
<body>
  <div class='ocr_page' id='page_1' title='image "./dionysihalicarn01diongoog_0260.png"; bbox 0 0 2454 3916; ppageno 0'>
   <div class='ocr_carea' id='block_1_1' title="bbox 28 221 1131 3143">
    <p class='ocr_par' dir='ltr' id='par_1_1' title="bbox 28 221 1131 3143">
     <span class='ocr_line' id='line_1_1' title="bbox 501 221 665 274; baseline -0.006 -13"><span class='ocrx_word' id='word_1_1' title='bbox 501 251 535 261; x_wconf 84' lang='grc'><strong>-</strong></span> <span class='ocrx_word' id='word_1_2' title='bbox 572 221 595 274; x_wconf 82' lang='grc' dir='ltr'><strong>Β</strong></span> <span class='ocrx_word' id='word_1_3' title='bbox 632 253 665 260; x_wconf 82' lang='grc'>-</span> 
     </span>
     <span class='ocr_line' id='line_1_2' title="bbox 76 378 1090 480; baseline 0.004 -32"><span class='ocrx_word' id='word_1_4' title='bbox 76 379 178 466; x_wconf 83' lang='grc' dir='ltr'><strong><em>κάπης</em></strong></span> <span class='ocrx_word' id='word_1_5' title='bbox 211 378 424 480; x_wconf 69' lang='grc' dir='ltr'><strong><em>ὀλυμπιάδος.</em></strong></span> <span class='ocrx_word' id='word_1_6' title='bbox 481 379 557 449; x_wconf 86' lang='grc' dir='ltr'><strong><em>ούτε</em></strong></span> <span class='ocrx_word' id='word_1_7' title='bbox 589 379 632 468; x_wconf 87' lang='grc' dir='ltr'><strong><em>δή</em></strong></span> <span class='ocrx_word' id='word_1_8' title='bbox 664 381 856 472; x_wconf 76' lang='grc' dir='ltr'><em>Πυθαγόρᾳ</em></span> <span class='ocrx_word' id='word_1_9' title='bbox 891 386 938 475; x_wconf 77' lang='grc' dir='ltr'><strong><em>τῷ</em></strong></span> <span class='ocrx_word' id='word_1_10' title='bbox 970 390 1090 476; x_wconf 77' lang='grc' dir='ltr'><strong><em>Σαμίῳ</em></strong></span> 
     </span>
     <span class='ocr_line' id='line_1_3' title="bbox 77 485 1092 577; baseline 0.005 -23"><span class='ocrx_word' id='word_1_11' title='bbox 77 490 373 573; x_wconf 78' lang='grc' dir='ltr'><strong><em>συμφιλοσοφῆσαι</em></strong></span> <span class='ocrx_word' id='word_1_12' title='bbox 401 489 446 577; x_wconf 77' lang='grc' dir='ltr'><strong><em>τῷ</em></strong></span> <span class='ocrx_word' id='word_1_13' title='bbox 475 485 555 574; x_wconf 87' lang='grc' dir='ltr'><strong><em>μετά</em></strong></span> <span class='ocrx_word' id='word_1_14' title='bbox 582 491 739 577; x_wconf 81' lang='grc' dir='ltr'><strong><em>τέτταρας</em></strong></span> <span class='ocrx_word' id='word_1_15' title='bbox 765 487 951 577; x_wconf 77' lang='grc' dir='ltr'><strong><em>ἀκμάσαντι</em></strong></span> <span class='ocrx_word' id='word_1_16' title='bbox 975 490 1092 576; x_wconf 88' lang='grc' dir='ltr'><strong><em>γενεάς</em></strong></span> 
     </span>
     <span class='ocr_line' id='line_1_4' title="bbox 78 585 1090 685; baseline 0.005 -24"><span class='ocrx_word' id='word_1_17' title='bbox 78 591 223 673; x_wconf 86' lang='grc' dir='ltr'><strong><em>δυνατὸς</em></strong></span> <span class='ocrx_word' id='word_1_18' title='bbox 245 585 288 681; x_wconf 86' lang='grc' dir='ltr'><strong><em>ήν</em></strong></span> <span class='ocrx_word' id='word_1_19' title='bbox 311 592 370 662; x_wconf 87' lang='grc' dir='ltr'><strong><em>τὸν</em></strong></span> <span class='ocrx_word' id='word_1_20' title='bbox 393 593 517 680; x_wconf 93' lang='grc' dir='ltr'><strong><em>Νόμαν</em></strong></span> <span class='ocrx_word' id='word_1_21' title='bbox 549 593 619 664; x_wconf 78' lang='grc' dir='ltr'><strong><em>οὔτ’</em></strong></span> <span class='ocrx_word' id='word_1_22' title='bbox 646 597 683 664; x_wconf 85' lang='grc' dir='ltr'><strong><em>έν</em></strong></span> <span class='ocrx_word' id='word_1_23' title='bbox 701 595 864 685; x_wconf 70' lang='grc' dir='ltr'><strong><em>ΙτΚρότωνι</em></strong></span> <span class='ocrx_word' id='word_1_24' title='bbox 894 600 1090 685; x_wconf 84' lang='grc' dir='ltr'><strong><em>διατρίβειν,</em></strong></span> 
     </span>
     <span class='ocr_line' id='line_1_5' title="bbox 28 697 1091 792; baseline 0 -21"><span class='ocrx_word' id='word_1_25' title='bbox 28 722 74 771; x_wconf 79' lang='lat'><strong><em>362</em></strong></span> <span class='ocrx_word' id='word_1_26' title='bbox 82 699 129 769; x_wconf 84' lang='grc' dir='ltr'><strong><em>ὅτ’</em></strong></span> <span class='ocrx_word' id='word_1_27' title='bbox 157 697 262 768; x_wconf 86' lang='grc' dir='ltr'><strong><em>αύτὸν</em></strong></span> <span class='ocrx_word' id='word_1_28' title='bbox 293 699 435 768; x_wconf 79' lang='grc' dir='ltr'><strong><em>ἐκάλουν</em></strong></span> <span class='ocrx_word' id='word_1_29' title='bbox 464 701 516 768; x_wconf 82' lang='grc' dir='ltr'><strong><em>έπλ</em></strong></span> <span class='ocrx_word' id='word_1_30' title='bbox 547 701 610 789; x_wconf 85' lang='grc' dir='ltr'><strong><em>τήν</em></strong></span> <span class='ocrx_word' id='word_1_31' title='bbox 641 708 816 790; x_wconf 84' lang='grc' dir='ltr'><strong><em>βασιλείαν</em></strong></span> <span class='ocrx_word' id='word_1_32' title='bbox 845 700 1017 789; x_wconf 82' lang='grc' dir='ltr'><strong><em>Ῥωμαῖοι,</em></strong></span> <span class='ocrx_word' id='word_1_33' title='bbox 1050 707 1091 792; x_wconf 73' lang='grc' dir='ltr'><strong><em>τῇ</em></strong></span> 
     </span>
     <span class='ocr_line' id='line_1_6' title="bbox 76 804 1130 901; baseline 0.003 -26"><span class='ocrx_word' id='word_1_34' title='bbox 76 807 174 894; x_wconf 93' lang='grc' dir='ltr'><strong><em>μήπω</em></strong></span> <span class='ocrx_word' id='word_1_35' title='bbox 198 804 266 875; x_wconf 85' lang='grc' dir='ltr'><strong><em>τότ’</em></strong></span> <span class='ocrx_word' id='word_1_36' title='bbox 288 805 372 895; x_wconf 87' lang='grc' dir='ltr'><strong><em>ούση</em></strong></span> <span class='ocrx_word' id='word_1_37' title='bbox 396 807 500 875; x_wconf 89' lang='grc' dir='ltr'><strong><em>πόλει.</em></strong></span> <span class='ocrx_word' id='word_1_38' title='bbox 545 806 618 876; x_wconf 89' lang='grc' dir='ltr'><strong><em>ἀλλ’</em></strong></span> <span class='ocrx_word' id='word_1_39' title='bbox 641 811 790 878; x_wconf 80' lang='grc' dir='ltr'><strong><em>ἐοίκασιν</em></strong></span> <span class='ocrx_word' id='word_1_40' title='bbox 814 813 849 878; x_wconf 87' lang='grc' dir='ltr'><strong><em>οί</em></strong></span> <span class='ocrx_word' id='word_1_41' title='bbox 864 809 906 878; x_wconf 85' lang='grc' dir='ltr'><strong><em>τά</em></strong></span> <span class='ocrx_word' id='word_1_42' title='bbox 927 807 1011 897; x_wconf 73' lang='grc' dir='ltr'><strong><em>ὑπὲρ</em></strong></span> <span class='ocrx_word' id='word_1_43' title='bbox 1031 808 1130 901; x_wconf 67' lang='grc' dir='ltr'><strong><em>αύ-·,</em></strong></span> 
     </span>
     <span class='ocr_line' id='line_1_7' title="bbox 74 913 1089 1005; baseline 0.002 -22"><span class='ocrx_word' id='word_1_44' title='bbox 74 918 136 983; x_wconf 88' lang='grc' dir='ltr'><strong><em>τού</em></strong></span> <span class='ocrx_word' id='word_1_45' title='bbox 159 913 358 1001; x_wconf 90' lang='grc' dir='ltr'><strong><em>γράψαντες,</em></strong></span> <span class='ocrx_word' id='word_1_46' title='bbox 382 919 413 981; x_wconf 90' lang='grc' dir='ltr'><strong><em>εί</em></strong></span> <span class='ocrx_word' id='word_1_47' title='bbox 434 913 496 1001; x_wconf 84' lang='grc' dir='ltr'><strong><em>χρή</em></strong></span> <span class='ocrx_word' id='word_1_48' title='bbox 517 915 619 997; x_wconf 81' lang='grc' dir='ltr'><strong><em>δόξαν</em></strong></span> <span class='ocrx_word' id='word_1_49' title='bbox 640 920 732 985; x_wconf 90' lang='grc' dir='ltr'><strong><em>ίδίαν</em></strong></span> <span class='ocrx_word' id='word_1_50' title='bbox 751 915 1006 1005; x_wconf 90' lang='grc' dir='ltr'><strong><em>ἀποφήνασθαι,</em></strong></span> <span class='ocrx_word' id='word_1_51' title='bbox 1026 917 1089 985; x_wconf 92' lang='grc' dir='ltr'><strong><em>δύο</em></strong></span> 
     </span>
     <span class='ocr_line' id='line_1_8' title="bbox 74 1018 1090 1114; baseline 0.005 -25"><span class='ocrx_word' id='word_1_52' title='bbox 74 1025 179 1090; x_wconf 79' lang='grc' dir='ltr'><strong><em>ταῦτα</em></strong></span> <span class='ocrx_word' id='word_1_53' title='bbox 212 1020 372 1106; x_wconf 82' lang='grc' dir='ltr'><strong><em>λαβόντες</em></strong></span> <span class='ocrx_word' id='word_1_54' title='bbox 403 1018 673 1110; x_wconf 87' lang='grc' dir='ltr'><strong><em>ὁμολογούμενα,</em></strong></span> <span class='ocrx_word' id='word_1_55' title='bbox 710 1024 773 1112; x_wconf 90' lang='grc' dir='ltr'><strong><em>τήν</em></strong></span> <span class='ocrx_word' id='word_1_56' title='bbox 809 1052 845 1094; x_wconf 88' lang='grc' dir='ltr'><strong><em>τε</em></strong></span> <span class='ocrx_word' id='word_1_57' title='bbox 876 1025 1090 1114; x_wconf 76' lang='grc' dir='ltr'><strong><em>Πυθαγόρου</em></strong></span> 
     </span>
     <span class='ocr_line' id='line_1_9' title="bbox 76 1124 1091 1220; baseline 0.002 -24"><span class='ocrx_word' id='word_1_58' title='bbox 76 1126 253 1216; x_wconf 80' lang='grc' dir='ltr'><strong><em>διατριβήν</em></strong></span> <span class='ocrx_word' id='word_1_59' title='bbox 285 1124 347 1213; x_wconf 82' lang='grc' dir='ltr'><strong><em>τήν</em></strong></span> <span class='ocrx_word' id='word_1_60' title='bbox 378 1130 566 1214; x_wconf 81' lang='grc' dir='ltr'><strong><em>γενομένην</em></strong></span> <span class='ocrx_word' id='word_1_61' title='bbox 599 1131 636 1196; x_wconf 90' lang='grc' dir='ltr'><strong><em>έν</em></strong></span> <span class='ocrx_word' id='word_1_62' title='bbox 660 1127 783 1220; x_wconf 81' lang='grc' dir='ltr'><strong><em>Ἰταλία</em></strong></span> <span class='ocrx_word' id='word_1_63' title='bbox 811 1131 867 1197; x_wconf 81' lang='grc' dir='ltr'><strong><em>καὶ</em></strong></span> <span class='ocrx_word' id='word_1_64' title='bbox 898 1127 961 1217; x_wconf 84' lang='grc' dir='ltr'><strong><em>τήν</em></strong></span> <span class='ocrx_word' id='word_1_65' title='bbox 988 1129 1091 1217; x_wconf 92' lang='grc' dir='ltr'><strong><em>Νόμα</em></strong></span> 
     </span>
     <span class='ocr_line' id='line_1_10' title="bbox 75 1232 1090 1325; baseline 0.001 -21"><span class='ocrx_word' id='word_1_66' title='bbox 75 1241 202 1323; x_wconf 86' lang='grc' dir='ltr'><strong><em>σοφίαν</em></strong></span> <span class='ocrx_word' id='word_1_67' title='bbox 217 1232 444 1324; x_wconf 74' lang='grc' dir='ltr'><strong><em>(ὡμολόγηται</em></strong></span> <span class='ocrx_word' id='word_1_68' title='bbox 462 1232 525 1322; x_wconf 91' lang='grc' dir='ltr'><strong><em>γάρ</em></strong></span> <span class='ocrx_word' id='word_1_69' title='bbox 545 1232 610 1303; x_wconf 84' lang='grc' dir='ltr'><strong><em>ὑπὸ</em></strong></span> <span class='ocrx_word' id='word_1_70' title='bbox 624 1235 762 1304; x_wconf 87' lang='grc' dir='ltr'><strong><em>πάντων</em></strong></span> <span class='ocrx_word' id='word_1_71' title='bbox 786 1235 803 1305; x_wconf 86' lang='grc' dir='ltr'>ὁ</span> <span class='ocrx_word' id='word_1_72' title='bbox 823 1235 910 1325; x_wconf 83' lang='grc' dir='ltr'><strong><em>ἀνὴρ</em></strong></span> <span class='ocrx_word' id='word_1_73' title='bbox 929 1239 1090 1323; x_wconf 87' lang='grc' dir='ltr'><strong><em>γενέσθαι</em></strong></span> 
     </span>
     <span class='ocr_line' id='line_1_11' title="bbox 75 1339 1131 1432; baseline 0.005 -22"><span class='ocrx_word' id='word_1_74' title='bbox 75 1341 198 1430; x_wconf 84' lang='grc' dir='ltr'><strong><em>σοφός)</em></strong></span> <span class='ocrx_word' id='word_1_75' title='bbox 234 1339 439 1422; x_wconf 78' lang='grc' dir='ltr'><strong><em>ἐπισυνάψαι</em></strong></span> <span class='ocrx_word' id='word_1_76' title='bbox 475 1345 579 1410; x_wconf 82' lang='grc' dir='ltr'><strong><em>ταῦτα</em></strong></span> <span class='ocrx_word' id='word_1_77' title='bbox 615 1344 670 1410; x_wconf 84' lang='grc' dir='ltr'><strong><em>καλ</em></strong></span> <span class='ocrx_word' id='word_1_78' title='bbox 706 1346 844 1431; x_wconf 87' lang='grc' dir='ltr'><strong><em>ποιήσαι</em></strong></span> <span class='ocrx_word' id='word_1_79' title='bbox 876 1343 1090 1432; x_wconf 73' lang='grc' dir='ltr'><strong><em>Πυθαγόρου</em></strong></span> <span class='ocrx_word' id='word_1_80' title='bbox 1104 1376 1131 1417; x_wconf 79' lang='grc' dir='ltr'><strong><em>ιο</em></strong></span> 
     </span>
     <span class='ocr_line' id='line_1_12' title="bbox 75 1446 1090 1536; baseline 0 -20"><span class='ocrx_word' id='word_1_81' title='bbox 75 1447 232 1536; x_wconf 82' lang='grc' dir='ltr'><strong><em>μαθητήν</em></strong></span> <span class='ocrx_word' id='word_1_82' title='bbox 255 1446 316 1516; x_wconf 88' lang='grc' dir='ltr'><strong><em>τὸν</em></strong></span> <span class='ocrx_word' id='word_1_83' title='bbox 339 1448 462 1535; x_wconf 92' lang='grc' dir='ltr'><strong><em>Νόμαν</em></strong></span> <span class='ocrx_word' id='word_1_84' title='bbox 487 1446 597 1518; x_wconf 88' lang='grc' dir='ltr'><strong><em>ούκέτι</em></strong></span> <span class='ocrx_word' id='word_1_85' title='bbox 624 1448 703 1529; x_wconf 85' lang='grc' dir='ltr'><strong><em>τούς</em></strong></span> <span class='ocrx_word' id='word_1_86' title='bbox 730 1455 826 1536; x_wconf 85' lang='grc' dir='ltr'><strong><em>βίους</em></strong></span> <span class='ocrx_word' id='word_1_87' title='bbox 848 1448 961 1518; x_wconf 80' lang='grc' dir='ltr'><strong><em>αὐτῶν</em></strong></span> <span class='ocrx_word' id='word_1_88' title='bbox 984 1449 1090 1531; x_wconf 79' lang='grc' dir='ltr'><strong><em>ἐξετά-</em></strong></span> 
     </span>
     <span class='ocr_line' id='line_1_13' title="bbox 75 1554 1114 1645; baseline 0.002 -23"><span class='ocrx_word' id='word_1_89' title='bbox 75 1573 203 1642; x_wconf 71' lang='grc' dir='ltr'><strong><em>σαντες,</em></strong></span> <span class='ocrx_word' id='word_1_90' title='bbox 226 1560 258 1624; x_wconf 86' lang='grc' dir='ltr'><strong><em>εί</em></strong></span> <span class='ocrx_word' id='word_1_91' title='bbox 277 1555 360 1624; x_wconf 83' lang='grc' dir='ltr'><strong><em>κατὰ</em></strong></span> <span class='ocrx_word' id='word_1_92' title='bbox 383 1556 464 1636; x_wconf 84' lang='grc' dir='ltr'><strong><em>τοὺς</em></strong></span> <span class='ocrx_word' id='word_1_93' title='bbox 480 1554 606 1636; x_wconf 80' lang='grc' dir='ltr'><strong><em>αύτούς</em></strong></span> <span class='ocrx_word' id='word_1_94' title='bbox 627 1555 781 1645; x_wconf 75' lang='grc' dir='ltr'><strong><em>ἤκμασαν</em></strong></span> <span class='ocrx_word' id='word_1_95' title='bbox 804 1554 989 1645; x_wconf 88' lang='grc' dir='ltr'><strong><em>ἀμφότεροι</em></strong></span> <span class='ocrx_word' id='word_1_96' title='bbox 1011 1557 1114 1645; x_wconf 81' lang='grc' dir='ltr'><strong><em>χρύ-Ι</em></strong></span> 
     </span>
     <span class='ocr_line' id='line_1_14' title="bbox 74 1660 1129 1752; baseline 0.003 -21"><span class='ocrx_word' id='word_1_97' title='bbox 74 1689 169 1748; x_wconf 88' lang='grc' dir='ltr'><strong><em>νονς,</em></strong></span> <span class='ocrx_word' id='word_1_98' title='bbox 193 1660 274 1751; x_wconf 82' lang='grc' dir='ltr'><strong><em>ὅπερ</em></strong></span> <span class='ocrx_word' id='word_1_99' title='bbox 298 1661 362 1748; x_wconf 81' lang='grc' dir='ltr'><strong><em>έγώ</em></strong></span> <span class='ocrx_word' id='word_1_100' title='bbox 389 1671 551 1750; x_wconf 87' lang='grc' dir='ltr'><strong><em>πεποίηκα</em></strong></span> <span class='ocrx_word' id='word_1_101' title='bbox 573 1669 654 1733; x_wconf 84' lang='grc' dir='ltr'><strong><em>νύν·</em></strong></span> <span class='ocrx_word' id='word_1_102' title='bbox 682 1670 714 1732; x_wconf 88' lang='grc' dir='ltr'><strong><em>εί</em></strong></span> <span class='ocrx_word' id='word_1_103' title='bbox 735 1664 780 1752; x_wconf 88' lang='grc' dir='ltr'><strong><em>μή</em></strong></span> <span class='ocrx_word' id='word_1_104' title='bbox 803 1691 853 1744; x_wconf 88' lang='grc' dir='ltr'><strong><em>τις</em></strong></span> <span class='ocrx_word' id='word_1_105' title='bbox 879 1661 946 1752; x_wconf 85' lang='grc' dir='ltr'><strong><em>ἀρα</em></strong></span> <span class='ocrx_word' id='word_1_106' title='bbox 968 1672 1089 1731; x_wconf 89' lang='grc' dir='ltr'><strong><em>Πυθα-</em></strong></span> <span class='ocrx_word' id='word_1_107' title='bbox 1108 1669 1129 1734; x_wconf 83' lang='grc'>5</span> 
     </span>
     <span class='ocr_line' id='line_1_15' title="bbox 73 1766 1089 1859; baseline 0 -21"><span class='ocrx_word' id='word_1_108' title='bbox 73 1769 183 1859; x_wconf 92' lang='grc' dir='ltr'><strong><em>γόραν</em></strong></span> <span class='ocrx_word' id='word_1_109' title='bbox 207 1772 321 1858; x_wconf 79' lang='grc' dir='ltr'><strong><em>ἕτερον</em></strong></span> <span class='ocrx_word' id='word_1_110' title='bbox 344 1766 552 1858; x_wconf 79' lang='grc' dir='ltr'><strong><em>ὑποθήσεται</em></strong></span> <span class='ocrx_word' id='word_1_111' title='bbox 578 1773 643 1859; x_wconf 87' lang='grc' dir='ltr'><strong><em>πρὸ</em></strong></span> <span class='ocrx_word' id='word_1_112' title='bbox 666 1775 728 1840; x_wconf 88' lang='grc' dir='ltr'><strong><em>τού</em></strong></span> <span class='ocrx_word' id='word_1_113' title='bbox 751 1778 887 1859; x_wconf 88' lang='grc' dir='ltr'><strong><em>Σαμίου</em></strong></span> <span class='ocrx_word' id='word_1_114' title='bbox 910 1771 1089 1858; x_wconf 78' lang='grc' dir='ltr'><strong><em>γεγομέναι</em></strong></span> 
     </span>
     <span class='ocr_line' id='line_1_16' title="bbox 72 1869 1129 1970; baseline 0.005 -25"><span class='ocrx_word' id='word_1_115' title='bbox 72 1877 259 1965; x_wconf 75' lang='grc' dir='ltr'><strong><em>παιδευτὴν</em></strong></span> <span class='ocrx_word' id='word_1_116' title='bbox 287 1883 423 1964; x_wconf 88' lang='grc' dir='ltr'><strong><em>σοφίας,</em></strong></span> <span class='ocrx_word' id='word_1_117' title='bbox 447 1869 474 1970; x_wconf 77' lang='grc' dir='ltr'><em>ᾦ</em></span> <span class='ocrx_word' id='word_1_118' title='bbox 502 1881 739 1968; x_wconf 86' lang='grc' dir='ltr'><strong><em>συνδιέτριψεν</em></strong></span> <span class='ocrx_word' id='word_1_119' title='bbox 768 1875 786 1947; x_wconf 86' lang='grc' dir='ltr'>ὁ</span> <span class='ocrx_word' id='word_1_120' title='bbox 815 1878 943 1966; x_wconf 90' lang='grc' dir='ltr'><strong><em>Νόμας.</em></strong></span> <span class='ocrx_word' id='word_1_121' title='bbox 987 1881 1087 1946; x_wconf 85' lang='grc' dir='ltr'><strong><em>τοῦτο</em></strong></span> <span class='ocrx_word' id='word_1_122' title='bbox 1103 1908 1129 1950; x_wconf 77' lang='grc' dir='ltr'><strong><em>ιε</em></strong></span> 
     </span>
     <span class='ocr_line' id='line_1_17' title="bbox 75 1981 1089 2073; baseline 0.001 -22"><span class='ocrx_word' id='word_1_123' title='bbox 75 1981 108 2052; x_wconf 83' lang='grc' dir='ltr'><strong><em>δ’</em></strong></span> <span class='ocrx_word' id='word_1_124' title='bbox 131 1981 192 2052; x_wconf 84' lang='grc' dir='ltr'><strong><em>ούκ</em></strong></span> <span class='ocrx_word' id='word_1_125' title='bbox 216 1982 281 2052; x_wconf 85' lang='grc' dir='ltr'><strong><em>οἷδ’</em></strong></span> <span class='ocrx_word' id='word_1_126' title='bbox 307 1983 397 2065; x_wconf 84' lang='grc' dir='ltr'><strong><em>ὅπως</em></strong></span> <span class='ocrx_word' id='word_1_127' title='bbox 419 1981 463 2053; x_wconf 89' lang='grc' dir='ltr'><strong><em>ἀν</em></strong></span> <span class='ocrx_word' id='word_1_128' title='bbox 488 1983 660 2067; x_wconf 78' lang='grc' dir='ltr'><strong><em>ἀποδείξαι</em></strong></span> <span class='ocrx_word' id='word_1_129' title='bbox 684 1984 824 2054; x_wconf 87' lang='grc' dir='ltr'><strong><em>δύναιτο</em></strong></span> <span class='ocrx_word' id='word_1_130' title='bbox 853 1984 999 2073; x_wconf 87' lang='grc' dir='ltr'><strong><em>μηδενὸς</em></strong></span> <span class='ocrx_word' id='word_1_131' title='bbox 1020 1988 1089 2052; x_wconf 79' lang='grc' dir='ltr'><strong><em>τῶν</em></strong></span> 
     </span>
     <span class='ocr_line' id='line_1_18' title="bbox 73 2088 1090 2181; baseline -0.001 -22"><span class='ocrx_word' id='word_1_132' title='bbox 73 2088 261 2176; x_wconf 85' lang='grc' dir='ltr'><strong><em>ἀξιολόγων</em></strong></span> <span class='ocrx_word' id='word_1_133' title='bbox 294 2091 375 2179; x_wconf 89' lang='grc' dir='ltr'><strong><em>μήτε</em></strong></span> <span class='ocrx_word' id='word_1_134' title='bbox 401 2089 567 2180; x_wconf 86' lang='grc' dir='ltr'><strong><em>Ῥωμαίου</em></strong></span> <span class='ocrx_word' id='word_1_135' title='bbox 599 2090 682 2181; x_wconf 87' lang='grc' dir='ltr'><strong><em>μήθ’</em></strong></span> <span class='ocrx_word' id='word_1_136' title='bbox 704 2091 882 2180; x_wconf 81' lang='grc' dir='ltr'><strong><em>Ἕλληνος,</em></strong></span> <span class='ocrx_word' id='word_1_137' title='bbox 909 2090 973 2160; x_wconf 81' lang='grc' dir='ltr'><strong><em>ὅσα</em></strong></span> <span class='ocrx_word' id='word_1_138' title='bbox 1006 2090 1090 2179; x_wconf 75' lang='grc' dir='ltr'><strong><em>κάμὲ</em></strong></span> 
     </span>
     <span class='ocr_line' id='line_1_19' title="bbox 74 2197 1089 2289; baseline -0.002 -23"><span class='ocrx_word' id='word_1_139' title='bbox 74 2201 218 2284; x_wconf 78' lang='grc' dir='ltr'><strong><em>εἰδέναι,</em></strong></span> <span class='ocrx_word' id='word_1_140' title='bbox 244 2198 522 2288; x_wconf 88' lang='grc' dir='ltr'><strong><em>παραδεδωκότος</em></strong></span> <span class='ocrx_word' id='word_1_141' title='bbox 554 2202 590 2268; x_wconf 84' lang='grc' dir='ltr'><strong><em>έν</em></strong></span> <span class='ocrx_word' id='word_1_142' title='bbox 624 2202 763 2289; x_wconf 75' lang='grc' dir='ltr'><strong><em>ίστορίμ.</em></strong></span> <span class='ocrx_word' id='word_1_143' title='bbox 808 2197 893 2267; x_wconf 89' lang='grc' dir='ltr'><strong><em>ἀλλά</em></strong></span> <span class='ocrx_word' id='word_1_144' title='bbox 921 2198 997 2287; x_wconf 79' lang='grc' dir='ltr'><strong><em>περὶ</em></strong></span> <span class='ocrx_word' id='word_1_145' title='bbox 1027 2197 1089 2284; x_wconf 75' lang='grc' dir='ltr'><strong><em>μέν</em></strong></span> 
     </span>
     <span class='ocr_line' id='line_1_20' title="bbox 72 2303 311 2385; baseline -0.004 -11"><span class='ocrx_word' id='word_1_146' title='bbox 72 2303 206 2374; x_wconf 85' lang='grc' dir='ltr'><strong><em>τούτων</em></strong></span> <span class='ocrx_word' id='word_1_147' title='bbox 228 2303 311 2385; x_wconf 85' lang='grc' dir='ltr'><strong><em>ἀλις.</em></strong></span> 
     </span>
     <span class='ocr_line' id='line_1_21' title="bbox 128 2408 1129 2500; baseline 0.005 -22"><span class='ocrx_word' id='word_1_148' title='bbox 128 2416 147 2452; x_wconf 59' lang='lat'><strong>⁵</strong></span> <span class='ocrx_word' id='word_1_149' title='bbox 164 2413 231 2479; x_wconf 86' lang='lat' dir='ltr'><strong><em>LX.</em></strong></span> <span class='ocrx_word' id='word_1_150' title='bbox 248 2409 283 2478; x_wconf 89' lang='lat'><strong><em>‘0</em></strong></span> <span class='ocrx_word' id='word_1_151' title='bbox 306 2411 343 2480; x_wconf 70' lang='grc' dir='ltr'><strong><em>δέ</em></strong></span> <span class='ocrx_word' id='word_1_152' title='bbox 361 2412 480 2500; x_wconf 87' lang='grc' dir='ltr'><strong><em>Νόμας</em></strong></span> <span class='ocrx_word' id='word_1_153' title='bbox 502 2411 719 2500; x_wconf 89' lang='grc' dir='ltr'><strong><em>ἀφικομένων</em></strong></span> <span class='ocrx_word' id='word_1_154' title='bbox 743 2408 788 2491; x_wconf 81' lang='grc' dir='ltr'><strong><em>ὡς</em></strong></span> <span class='ocrx_word' id='word_1_155' title='bbox 806 2408 910 2479; x_wconf 84' lang='grc' dir='ltr'><strong><em>αὐτὸν</em></strong></span> <span class='ocrx_word' id='word_1_156' title='bbox 930 2409 1086 2494; x_wconf 87' lang='grc' dir='ltr'><strong><em>[τούτων]</em></strong></span> <span class='ocrx_word' id='word_1_157' title='bbox 1102 2442 1129 2483; x_wconf 81' lang='grc' dir='ltr'><strong><em>εο</em></strong></span> 
     </span>
     <span class='ocr_line' id='line_1_22' title="bbox 74 2515 1089 2606; baseline -0.002 -20"><span class='ocrx_word' id='word_1_158' title='bbox 74 2521 143 2586; x_wconf 81' lang='grc' dir='ltr'><strong><em>των</em></strong></span> <span class='ocrx_word' id='word_1_159' title='bbox 166 2519 362 2587; x_wconf 84' lang='grc' dir='ltr'><strong><em>καλούντων</em></strong></span> <span class='ocrx_word' id='word_1_160' title='bbox 386 2521 438 2588; x_wconf 86' lang='grc' dir='ltr'><strong><em>έπὶ</em></strong></span> <span class='ocrx_word' id='word_1_161' title='bbox 456 2519 518 2606; x_wconf 83' lang='grc' dir='ltr'><strong><em>τήν</em></strong></span> <span class='ocrx_word' id='word_1_162' title='bbox 542 2516 736 2606; x_wconf 80' lang='grc' dir='ltr'><strong><em>ἡγεμονίαν,</em></strong></span> <span class='ocrx_word' id='word_1_163' title='bbox 754 2521 836 2597; x_wconf 87' lang='grc' dir='ltr'><strong><em>τέως</em></strong></span> <span class='ocrx_word' id='word_1_164' title='bbox 854 2516 916 2604; x_wconf 75' lang='grc' dir='ltr'><strong><em>μὲν</em></strong></span> <span class='ocrx_word' id='word_1_165' title='bbox 934 2515 1089 2602; x_wconf 84' lang='grc' dir='ltr'><strong><em>ἀντέλεγε</em></strong></span> 
     </span>
     <span class='ocr_line' id='line_1_23' title="bbox 72 2622 1088 2714; baseline -0.001 -22"><span class='ocrx_word' id='word_1_166' title='bbox 72 2625 130 2692; x_wconf 83' lang='grc' dir='ltr'><strong><em>καλ</em></strong></span> <span class='ocrx_word' id='word_1_167' title='bbox 154 2626 249 2713; x_wconf 86' lang='grc' dir='ltr'><strong><em>μέχρι</em></strong></span> <span class='ocrx_word' id='word_1_168' title='bbox 271 2629 398 2694; x_wconf 88' lang='grc' dir='ltr'><strong><em>πολλού</em></strong></span> <span class='ocrx_word' id='word_1_169' title='bbox 426 2629 592 2714; x_wconf 88' lang='grc' dir='ltr'><strong><em>διέμεινεν</em></strong></span> <span class='ocrx_word' id='word_1_170' title='bbox 619 2623 874 2713; x_wconf 85' lang='grc' dir='ltr'><strong><em>ἀπομαχόμενος</em></strong></span> <span class='ocrx_word' id='word_1_171' title='bbox 902 2622 946 2712; x_wconf 85' lang='grc' dir='ltr'><strong><em>μή</em></strong></span> <span class='ocrx_word' id='word_1_172' title='bbox 971 2629 1088 2711; x_wconf 74' lang='grc' dir='ltr'><strong><em>λαβεῖν</em></strong></span> 
     </span>
     <span class='ocr_line' id='line_1_24' title="bbox 72 2728 1090 2821; baseline -0.001 -22"><span class='ocrx_word' id='word_1_173' title='bbox 72 2731 137 2818; x_wconf 80' lang='grc' dir='ltr'><strong><em>τήν</em></strong></span> <span class='ocrx_word' id='word_1_174' title='bbox 164 2728 287 2820; x_wconf 86' lang='grc' dir='ltr'><strong><em>ἀρχήν,</em></strong></span> <span class='ocrx_word' id='word_1_175' title='bbox 315 2730 360 2813; x_wconf 77' lang='grc' dir='ltr'><strong><em>ὡς</em></strong></span> <span class='ocrx_word' id='word_1_176' title='bbox 388 2733 426 2801; x_wconf 73' lang='grc' dir='ltr'><strong><em>δέ</em></strong></span> <span class='ocrx_word' id='word_1_177' title='bbox 453 2738 490 2802; x_wconf 87' lang='grc' dir='ltr'><strong><em>οί</em></strong></span> <span class='ocrx_word' id='word_1_178' title='bbox 513 2761 549 2803; x_wconf 88' lang='grc' dir='ltr'><strong><em>τε</em></strong></span> <span class='ocrx_word' id='word_1_179' title='bbox 576 2730 718 2820; x_wconf 82' lang='grc' dir='ltr'><strong><em>ἀδελφοὶ</em></strong></span> <span class='ocrx_word' id='word_1_180' title='bbox 749 2734 964 2821; x_wconf 88' lang='grc' dir='ltr'><strong><em>προσέκειντο</em></strong></span> <span class='ocrx_word' id='word_1_181' title='bbox 994 2740 1090 2799; x_wconf 93' lang='grc' dir='ltr'><strong><em>λιπα-</em></strong></span> 
     </span>
     <span class='ocr_line' id='line_1_25' title="bbox 74 2836 1088 2929; baseline 0.002 -23"><span class='ocrx_word' id='word_1_182' title='bbox 74 2842 215 2927; x_wconf 87' lang='grc' dir='ltr'><strong><em>ροῦντες</em></strong></span> <span class='ocrx_word' id='word_1_183' title='bbox 236 2841 291 2906; x_wconf 81' lang='grc' dir='ltr'><strong><em>καὶ</em></strong></span> <span class='ocrx_word' id='word_1_184' title='bbox 314 2844 477 2909; x_wconf 76' lang='grc' dir='ltr'><strong><em>τελευτῶν</em></strong></span> <span class='ocrx_word' id='word_1_185' title='bbox 501 2839 518 2909; x_wconf 87' lang='grc' dir='ltr'>ὁ</span> <span class='ocrx_word' id='word_1_186' title='bbox 541 2841 649 2929; x_wconf 82' lang='grc' dir='ltr'><strong><em>πατὴρ</em></strong></span> <span class='ocrx_word' id='word_1_187' title='bbox 678 2837 739 2908; x_wconf 93' lang='grc' dir='ltr'><strong><em>ούκ</em></strong></span> <span class='ocrx_word' id='word_1_188' title='bbox 767 2836 864 2927; x_wconf 79' lang='grc' dir='ltr'><strong><em>ἠξίου</em></strong></span> <span class='ocrx_word' id='word_1_189' title='bbox 885 2838 1088 2926; x_wconf 81' lang='grc' dir='ltr'><strong><em>τηλικαύτην</em></strong></span> 
     </span>
     <span class='ocr_line' id='line_1_26' title="bbox 28 2943 1129 3035; baseline 0.003 -21"><span class='ocrx_word' id='word_1_190' title='bbox 28 2943 179 3032; x_wconf 73' lang='grc' dir='ltr'><strong><em>ισυτιμήν</em></strong></span> <span class='ocrx_word' id='word_1_191' title='bbox 203 2949 387 3035; x_wconf 90' lang='grc' dir='ltr'><strong><em>διδομένην</em></strong></span> <span class='ocrx_word' id='word_1_192' title='bbox 410 2944 640 3032; x_wconf 79' lang='grc' dir='ltr'><strong><em>ἀπωθεῖσθαι,</em></strong></span> <span class='ocrx_word' id='word_1_193' title='bbox 664 2947 817 3034; x_wconf 91' lang='grc' dir='ltr'><strong><em>συνέγνω</em></strong></span> <span class='ocrx_word' id='word_1_194' title='bbox 845 2949 1006 3032; x_wconf 87' lang='grc' dir='ltr'><strong><em>γενέσθαι</em></strong></span> <span class='ocrx_word' id='word_1_195' title='bbox 1028 2950 1088 3032; x_wconf 82' lang='grc' dir='ltr'><strong><em>βα·</em></strong></span> <span class='ocrx_word' id='word_1_196' title='bbox 1101 2973 1129 3017; x_wconf 78' lang='grc' dir='ltr'><strong><em>ιο</em></strong></span> 
     </span>
     <span class='ocr_line' id='line_1_27' title="bbox 75 3051 1128 3143; baseline 0.001 -23"><span class='ocrx_word' id='word_1_197' title='bbox 75 3051 201 3132; x_wconf 86' lang='grc' dir='ltr'><strong><em>σιλεύς·</em></strong></span> <span class='ocrx_word' id='word_1_198' title='bbox 223 3067 294 3133; x_wconf 80' lang='grc' dir='ltr'><strong><em>τοῖς</em></strong></span> <span class='ocrx_word' id='word_1_199' title='bbox 312 3053 350 3122; x_wconf 72' lang='grc' dir='ltr'><strong><em>δὲ</em></strong></span> <span class='ocrx_word' id='word_1_200' title='bbox 367 3051 543 3143; x_wconf 86' lang='grc' dir='ltr'><strong><em>Ῥωμαίοις</em></strong></span> <span class='ocrx_word' id='word_1_201' title='bbox 560 3055 769 3140; x_wconf 84' lang='grc' dir='ltr'><strong><em>πυθομένοις</em></strong></span> <span class='ocrx_word' id='word_1_202' title='bbox 791 3057 895 3122; x_wconf 84' lang='grc' dir='ltr'><strong><em>ταῦτα</em></strong></span> <span class='ocrx_word' id='word_1_203' title='bbox 912 3051 1001 3142; x_wconf 89' lang='grc' dir='ltr'><strong><em>παρά</em></strong></span> <span class='ocrx_word' id='word_1_204' title='bbox 1018 3056 1087 3121; x_wconf 76' lang='grc' dir='ltr'><strong><em>τῶν</em></strong></span> <span class='ocrx_word' id='word_1_205' title='bbox 1105 3057 1128 3121; x_wconf 77' lang='lat'><strong>2</strong></span> 
     </span>
    </p>
   </div>
   <div class='ocr_carea' id='block_1_2' title="bbox 73 3263 1088 3571">
    <p class='ocr_par' dir='ltr' id='par_1_2' title="bbox 73 3263 1088 3571">
     <span class='ocr_line' id='line_1_28' title="bbox 148 3263 1088 3413; baseline -0.004 -72.85"><span class='ocrx_word' id='word_1_206' title='bbox 148 3281 218 3342; x_wconf 75' lang='grc' dir='ltr'><strong><em>δτά</em></strong></span> <span class='ocrx_word' id='word_1_207' title='bbox 238 3286 292 3340; x_wconf 81' lang='lat' dir='ltr'><strong>del.</strong></span> <span class='ocrx_word' id='word_1_208' title='bbox 300 3285 419 3413; x_wconf 68' lang='lat' dir='ltr'><strong><em>tKayser</em></strong></span> <span class='ocrx_word' id='word_1_209' title='bbox 436 3288 508 3343; x_wconf 86' lang='lat' dir='ltr'>Ann.</span> <span class='ocrx_word' id='word_1_210' title='bbox 528 3285 596 3355; x_wconf 87' lang='lat' dir='ltr'>phil.</span> <span class='ocrx_word' id='word_1_211' title='bbox 618 3263 732 3372; x_wconf 71' lang='lat' dir='ltr'>1851p</span> <span class='ocrx_word' id='word_1_212' title='bbox 752 3290 768 3339; x_wconf 84' lang='lat'>5</span> <span class='ocrx_word' id='word_1_213' title='bbox 792 3285 863 3339; x_wconf 74' lang='grc' dir='ltr'><strong><em>ταῦτ</em></strong></span> <span class='ocrx_word' id='word_1_214' title='bbox 866 3279 967 3352; x_wconf 74' lang='grc' dir='ltr'><strong><em>’ὑπὲρ</em></strong></span> <span class='ocrx_word' id='word_1_215' title='bbox 987 3282 1088 3336; x_wconf 74' lang='lat' dir='ltr'>Garrer</span> 
     </span>
     <span class='ocr_line' id='line_1_29' title="bbox 75 3346 1087 3443; baseline -0.008 -30"><span class='ocrx_word' id='word_1_216' title='bbox 75 3357 140 3413; x_wconf 79' lang='lat' dir='ltr'>obs.</span> <span class='ocrx_word' id='word_1_217' title='bbox 155 3377 182 3428; x_wconf 90' lang='lat' dir='ltr'>p</span> <span class='ocrx_word' id='word_1_218' title='bbox 200 3362 232 3412; x_wconf 82' lang='grc'><strong><em>13</em></strong></span> <span class='ocrx_word' id='word_1_219' title='bbox 247 3360 362 3413; x_wconf 76' lang='lat' dir='ltr'><strong>auctore</strong></span> <span class='ocrx_word' id='word_1_220' title='bbox 377 3358 578 3443; x_wconf 79' lang='lat' dir='ltr'><strong>Kiesslingio</strong></span> <span class='ocrx_word' id='word_1_221' title='bbox 611 3363 627 3412; x_wconf 87' lang='grc'>9</span> <span class='ocrx_word' id='word_1_222' title='bbox 647 3352 825 3427; x_wconf 85' lang='grc' dir='ltr'><strong><em>ὃμολογειται</em></strong></span> <span class='ocrx_word' id='word_1_223' title='bbox 843 3355 918 3410; x_wconf 75' lang='grc' dir='ltr'><strong><em>ΒοΙλ</em></strong></span> <span class='ocrx_word' id='word_1_224' title='bbox 980 3346 1050 3406; x_wconf 75' lang='lat'><strong><em>17</em></strong></span> <span class='ocrx_word' id='word_1_225' title='bbox 1033 3371 1087 3406; x_wconf 85' lang='grc' dir='ltr'><strong><em>οσα</em></strong></span> 
     </span>
     <span class='ocr_line' id='line_1_30' title="bbox 73 3418 1088 3500; baseline -0.009 -16"><span class='ocrx_word' id='word_1_226' title='bbox 73 3425 133 3500; x_wconf 87' lang='grc' dir='ltr'><strong><em>κάμ</em></strong></span> <span class='ocrx_word' id='word_1_227' title='bbox 135 3423 236 3484; x_wconf 63' lang='lat' dir='ltr'><strong><em>{B</em></strong></span> <span class='ocrx_word' id='word_1_228' title='bbox 219 3448 303 3492; x_wconf 87' lang='grc' dir='ltr'><strong><em>οσονς</em></strong></span> <span class='ocrx_word' id='word_1_229' title='bbox 321 3430 398 3499; x_wconf 82' lang='grc' dir='ltr'><strong><em>μεΒ</em></strong></span> <span class='ocrx_word' id='word_1_230' title='bbox 471 3435 505 3484; x_wconf 81' lang='lat'><strong><em>20</em></strong></span> <span class='ocrx_word' id='word_1_231' title='bbox 528 3423 637 3483; x_wconf 86' lang='grc' dir='ltr'><strong><em>τούτων</em></strong></span> <span class='ocrx_word' id='word_1_232' title='bbox 655 3426 928 3496; x_wconf 78' lang='lat' dir='ltr'><strong>seclusitffiessh&#39;ng</strong></span> <span class='ocrx_word' id='word_1_233' title='bbox 996 3429 1029 3476; x_wconf 80' lang='lat'><strong><em>21</em></strong></span> <span class='ocrx_word' id='word_1_234' title='bbox 1050 3418 1088 3487; x_wconf 77' lang='grc' dir='ltr'><strong><em>ὡς</em></strong></span> 
     </span>
     <span class='ocr_line' id='line_1_31' title="bbox 74 3451 610 3571; baseline -0.002 -14"><span class='ocrx_word' id='word_1_235' title='bbox 74 3451 133 3571; x_wconf 69' lang='grc' dir='ltr'><strong><em>μὲν</em></strong></span> <span class='ocrx_word' id='word_1_236' title='bbox 147 3502 193 3556; x_wconf 80' lang='lat' dir='ltr'><strong><em>Ba</em></strong></span> <span class='ocrx_word' id='word_1_237' title='bbox 265 3505 299 3556; x_wconf 80' lang='lat'><strong><em>25</em></strong></span> <span class='ocrx_word' id='word_1_238' title='bbox 318 3499 472 3571; x_wconf 84' lang='grc' dir='ltr'><strong><em>διδομένην</em></strong></span> <span class='ocrx_word' id='word_1_239' title='bbox 491 3517 545 3558; x_wconf 89' lang='lat' dir='ltr'><strong><em>om.</em></strong></span> <span class='ocrx_word' id='word_1_240' title='bbox 564 3501 610 3556; x_wconf 72' lang='lat' dir='ltr'><strong><em>Ba</em></strong></span> 
     </span>
    </p>
   </div>
   <div class='ocr_carea' id='block_1_3' title="bbox 0 0 1232 3916">
    <p class='ocr_par' dir='ltr' id='par_1_3' title="bbox 0 0 1232 3916">
     <span class='ocr_line' id='line_1_32' title="bbox 0 0 1232 3916; baseline 0 1"><span class='ocrx_word' id='word_1_241' title='bbox 0 0 1232 3916; x_wconf 95' lang='lat' dir='ltr'><strong><em> </em></strong></span> 
     </span>
    </p>
   </div>
  </div>
 </body>
</html>
