2454 3916
500 220 664 273 -Β-

121 376 143 414 ‘⁸
164 381 282 447 LVIII.
313 377 515 467 Ἑλκομένης
543 377 574 457 δῖ
601 380 655 448 ἐπὶ
682 379 768 449 πολὺ
797 387 855 469 τής
883 389 1090 470 φιλονεικίας

74 491 293 566 τελευτῶντες
324 487 377 555 ἐπὶ
408 485 516 579 τούτῳ
545 489 737 574 συνέβησαν
763 493 808 581 τῷ
843 494 977 581 δικαίῳ,
1006 489 1100 559 ῶστε4

75 597 173 661 δυεῖν
195 592 358 678 θάτερον,
381 590 402 680 ή
425 591 504 672 τοὺς
527 597 774 683 πρεσβυτέρους
796 595 980 682 βουλευτὰς
1009 595 1089 666 ἀπο-

75 703 182 783 δεῖξαι
205 703 344 788 βασιλέα
367 704 468 788 σφῶν,
488 700 550 788 μὲν
579 699 692 770 αὐτῶν
715 705 859 789 μηδένα,
881 707 950 773 τῶν
975 702 1005 771 δ’
1033 702 1090 771 ἀλ-

74 816 145 875 λων
173 803 216 876 δν
243 804 286 876 ἀν
316 807 585 895 ἐπιτηδειότατον
613 805 701 876 εἶναι
728 814 931 896 νομίσωσιν,
960 807 981 897 ή
1009 809 1091 890 τούς
1117 839 1130 882 ε

28 917 266 1003 ισθνεωτέρους
287 913 325 983 τὸ
346 913 428 984 αὐτὸ
446 919 584 1002 ποιῆσαι
602 918 710 984 τοῦτο.
748 918 903 1003 δέχονται
920 916 983 1005 τήν
1002 921 1090 1006 αἴρε-

74 1041 131 1089 σιν
156 1026 192 1089 oc
210 1021 429 1112 πρεσβύτεροι
456 1024 512 1090 καλ
542 1021 637 1091 πόλλ’
664 1025 717 1092 ἐπὶ
744 1028 841 1112 σφῶν
869 1022 982 1094 αὐτῶν
1009 1030 1090 1111 βου-

74 1128 278 1216 λευσόμενοι
295 1126 369 1198 τόδ’
392 1134 558 1216 ἔγνωσαν·
582 1129 695 1217 ἐπειδή
713 1135 773 1218 τής
795 1129 976 1219 ἡγεμονίας
993 1129 1090 1200 αὐτοὶ

73 1232 157 1304 κατόι
176 1233 236 1315 τάς
249 1235 423 1323 συνθήκας
442 1234 677 1323 ἀπηλαύνοντο
692 1239 777 1326 μηδὲ
789 1243 858 1308 τῶν
877 1236 1091 1307 ἐπεισελθόν-

73 1369 144 1411 των
172 1347 366 1428 βουλευτῶν
394 1343 514 1431 μηδενλ
547 1353 749 1430 προσθεῖναι
776 1343 839 1432 τήν
867 1343 990 1433 ἀρχήν,
1013 1341 1087 1412 ἀλλ’
1104 1374 1130 1412 10

74 1449 219 1518 ἐπακτόν
242 1476 319 1519 τινα
343 1453 469 1532 ἔξωθεν
490 1448 601 1538 ἀνδρα
613 1451 670 1518 καί
688 1449 767 1537 μηδ’
794 1448 966 1539 ὁποτέροις
987 1470 1090 1538 προσ-

73 1555 287 1643 θησόμενον,
316 1553 360 1635 ῶς
386 1553 430 1625 ἀν
459 1556 601 1644 μάλιστα
624 1558 811 1643 ἐξαιρεθείη
839 1554 877 1625 τὸ
901 1556 1089 1643 στασιάζον,

75 1661 267 1750 ἐξευρόντες
295 1661 467 1744 ἀποδεῖξαι
494 1665 643 1750 βασιλέα.
691 1666 795 1731 ταῦτα
821 1662 1129 1750 βουλευσόμενοι2

73 1768 353 1859 προύχειρίσαντο
376 1768 488 1858 ἀνδρα
510 1771 632 1857 γένους
649 1769 711 1856 μὲν
733 1772 796 1837 τοῦ
814 1773 988 1855 Σαβίνων,
1010 1768 1089 1839 υίὸν

75 1876 114 1944 δὲ
124 1883 317 1964 Πομπιλίου
328 1875 519 1963 Πόμπωνος
531 1873 657 1965 ἀνδρὸς
670 1879 856 1963 ἐπιφανοῦς
868 1873 968 1962 [κατ’]
981 1874 1089 1964 ὄνομα
1104 1907 1129 1947 15

74 1982 214 2075 Νόμαν,
239 1982 315 2071 [χρή
340 1982 377 2051 δέ
405 1981 467 2070 τήν
497 1986 658 2072 δευτέραν
686 1981 859 2070 συλλαβήν
882 1987 1090 2064 ἐκτείνοντας

74 2095 290 2178 βαρυτονεῖν]
319 2087 449 2176 ήλικίας
475 2117 511 2159 τε
533 2093 592 2177 τής
619 2090 878 2178 φρονιμωτάτης
901 2090 998 2178 όντα,
1020 2118 1087 2160 τετ-

72 2201 351 2281 ταρακονταετίας
373 2193 437 2283 γάρ
461 2194 503 2264 οὐ
521 2194 608 2264 πολὺ
626 2193 750 2283 ἀπεῖχε,
773 2198 829 2265 καί
852 2194 986 2278 ἀξιῶσει
1009 2224 1089 2286 μορ

40 2391 42 2396 Ι
74 2293 143 2392 φής
165 2301 349 2390 βασιλικόν.
394 2294 439 2389 ήν
468 2301 507 2370 δέ
534 2300 639 2371 αὐτοῦ
665 2305 721 2370 καί
748 2306 844 2383 κλέος
866 2304 1024 2390 μέγιστον
1048 2301 1124 2372 οά3

28 2408 169 2500 ισοπαρδι
188 2415 351 2498 Κυρίταις
374 2409 494 2496 μόνον,
518 2407 602 2478 ἀλλά
625 2410 681 2476 καὶ
703 2407 792 2498 παρὰ
815 2423 886 2489 τοῖς
907 2415 1089 2497 περιοίκοις
1103 2440 1129 2481 εο

75 2519 129 2587 ἐπὶ
153 2522 264 2606 σοφίᾳ.
312 2513 357 2596 ῶς
380 2516 418 2585 δέ
439 2514 529 2585 τοῦτ’
552 2518 666 2597 ἔδοξεν
690 2513 805 2595 αὐτοῖς
827 2519 1032 2602 συγκαλοῦσι
1050 2515 1089 2585 τὸ

74 2630 206 2712 πλῆθος
230 2629 277 2704 είς
300 2625 488 2709 ἐκκλησίαν,
507 2622 563 2690 καὶ
582 2619 764 2711 παρελθὼν
785 2623 819 2703 ἐξ
840 2619 953 2690 αὐτῶν
974 2618 988 2690 ἱ
1014 2621 1089 2691 τότε

74 2728 316 2821 μεσοβασιλεὺς
338 2728 441 2815 εἶπεν,
465 2727 517 2799 ὅτι
539 2732 637 2817 κοινή
663 2728 766 2810 δόξαν
790 2726 894 2796 ἅπασι
916 2742 987 2809 τοῖς
1008 2734 1089 2816 βου-

74 2849 207 2919 λευταῖς
239 2836 415 2926 βασιλικήν
447 2836 720 2923 καταστήσασθαι
752 2841 941 2921 πολιτείαν,
973 2835 1089 2921 κύριος

147 3072 263 3125 ὃδυεῖν
282 3070 305 3123 Β
323 3071 406 3124 δυοῖν
423 3070 449 3123 R
520 3064 609 3139 4μέν
632 3066 713 3136 σφῶν
731 3066 777 3120 Ba
848 3071 865 3120 ὃ
888 3068 1022 3138 νομίσωσι
1040 3066 1087 3139 B!

78 3139 168 3211 ήοω.
187 3143 232 3195 Ba
313 3146 327 3193 7
352 3136 431 3194 πολλ’
451 3141 477 3194 Α
503 3134 592 3194 πολλὰ
610 3139 636 3192 R
716 3132 824 3192 8τάδε
843 3137 896 3193 ΑΒ
978 3143 993 3192 9
1018 3136 1089 3207 μηδὲ

75 3213 222 3282 Βΰολιελοτ,
243 3211 366 3266 Sintenis
384 3212 445 3268 Em.
465 3212 546 3265 Dion.
566 3209 593 3262 II
610 3228 638 3279 p.
658 3214 692 3263 29
712 3204 782 3280 μήγε
801 3209 827 3262 Α
849 3203 918 3278 μήτε
937 3208 961 3262 Β
982 3211 985 3275 Ι
1006 3207 1089 3262 *τῶν

76 3281 320 3354 ἐπιβουλευόντων
335 3281 357 3337 Ο
376 3284 433 3337 τῶν
452 3281 552 3337 νεωστί
567 3275 762 3353 βουλευόντων
776 3297 798 3335 ο.
815 3279 937 3335 ὃίωλεαίε
951 3278 970 3333 l.
984 3279 1003 3332 I.
1023 3281 1089 3350 βου-

74 3355 183 3410 λευτῶν
208 3371 231 3409 ο.
251 3353 392 3424 KiessIIng
425 3349 529 3422 ἓτέρων
557 3351 716 3425 βουλευτῶν
743 3369 766 3405 ο.
790 3349 891 3405 Garrer
915 3349 978 3404 Oba.
1007 3367 1034 3417 p.
1056 3354 1088 3404 71

77 3434 110 3480 15
129 3420 194 3480 κατ’
214 3425 269 3480 del.
292 3424 435 3494 Kiessling
511 3430 545 3479 16
571 3423 663 3493 νομῶν
681 3425 706 3476 Α
733 3417 866 3492 νόμανΒ
896 3426 900 3484 1
932 3419 1019 3474 verba.
1036 3415 1088 3489 χρὴ

75 3530 105 3540 -
121 3500 288 3569 βαρυτονεῖν
308 3497 361 3550 del.
381 3497 482 3550 Portus
555 3500 589 3548 22
607 3487 758 3563 προελθῶν
776 3510 799 3548 ο.
818 3490 955 3546 Bficheler
