<?xml version="1.0" encoding="UTF-8"?>
<!DOCTYPE html PUBLIC "-//W3C//DTD XHTML 1.0 Transitional//EN"
    "http://www.w3.org/TR/xhtml1/DTD/xhtml1-transitional.dtd">
<html xmlns="http://www.w3.org/1999/xhtml" xml:lang="en" lang="en">
 <head>
  <title>
</title>
<meta http-equiv="Content-Type" content="text/html;charset=utf-8" />
  <meta name='ocr-system' content='tesseract 3.04.00' />
  <meta name='ocr-capabilities' content='ocr_page ocr_carea ocr_par ocr_line ocrx_word'/>
</head>
<body>
  <div class='ocr_page' id='page_1' title='image "./dionysihalicarn01diongoog_0320.png"; bbox 0 0 2454 3916; ppageno 0'>
   <div class='ocr_carea' id='block_1_1' title="bbox 146 199 736 269">
    <p class='ocr_par' dir='ltr' id='par_1_1' title="bbox 146 199 736 269">
     <span class='ocr_line' id='line_1_1' title="bbox 146 199 736 269; baseline 0 -5"><span class='ocrx_word' id='word_1_1' title='bbox 146 199 217 269; x_wconf 74' lang='lat'><em>298</em></span> <span class='ocrx_word' id='word_1_2' title='bbox 569 229 602 239; x_wconf 95' lang='lat'>-</span> <span class='ocrx_word' id='word_1_3' title='bbox 641 202 736 252; x_wconf 92' lang='grc' dir='ltr'><em>Γ-</em></span> 
     </span>
    </p>
   </div>
   <div class='ocr_carea' id='block_1_2' title="bbox 26 344 1212 2907">
    <p class='ocr_par' dir='ltr' id='par_1_2' title="bbox 98 344 1162 769">
     <span class='ocr_line' id='line_1_2' title="bbox 98 344 1161 446; baseline -0.004 -17"><span class='ocrx_word' id='word_1_4' title='bbox 98 344 99 348; x_wconf 17' lang='lat'><em>*</em></span> <span class='ocrx_word' id='word_1_5' title='bbox 145 386 213 439; x_wconf 89' lang='grc' dir='ltr'><em>τας.</em></span> <span class='ocrx_word' id='word_1_6' title='bbox 254 361 343 446; x_wconf 99' lang='grc' dir='ltr'><em>λέγει</em></span> <span class='ocrx_word' id='word_1_7' title='bbox 364 357 448 446; x_wconf 88' lang='grc' dir='ltr'><em>πρὸς</em></span> <span class='ocrx_word' id='word_1_8' title='bbox 466 356 569 427; x_wconf 81' lang='grc' dir='ltr'><em>αὐτὸν</em></span> <span class='ocrx_word' id='word_1_9' title='bbox 594 355 611 427; x_wconf 85' lang='grc' dir='ltr'>ὁ</span> <span class='ocrx_word' id='word_1_10' title='bbox 635 345 853 445; x_wconf 86' lang='grc' dir='ltr'><em>Φουφέττιος·</em></span> <span class='ocrx_word' id='word_1_11' title='bbox 878 355 960 427; x_wconf 85' lang='grc' dir='ltr'><em>Οὐδ’</em></span> <span class='ocrx_word' id='word_1_12' title='bbox 987 357 1044 445; x_wconf 70' lang='grc' dir='ltr'><em>ἐμὲ</em></span> <span class='ocrx_word' id='word_1_13' title='bbox 1065 358 1161 445; x_wconf 87' lang='grc' dir='ltr'><em>λέλη-</em></span> 
     </span>
     <span class='ocr_line' id='line_1_3' title="bbox 145 459 1162 553; baseline -0.002 -18"><span class='ocrx_word' id='word_1_14' title='bbox 145 476 226 552; x_wconf 91' lang='grc' dir='ltr'><em>θεν,</em></span> <span class='ocrx_word' id='word_1_15' title='bbox 250 459 276 535; x_wconf 78' lang='grc' dir='ltr'><em>ά</em></span> <span class='ocrx_word' id='word_1_16' title='bbox 305 464 424 553; x_wconf 89' lang='grc' dir='ltr'><em>Τύλλε,</em></span> <span class='ocrx_word' id='word_1_17' title='bbox 452 464 490 536; x_wconf 85' lang='grc' dir='ltr'><em>τὸ</em></span> <span class='ocrx_word' id='word_1_18' title='bbox 514 465 674 553; x_wconf 73' lang='grc' dir='ltr'><em>συγγενὲς</em></span> <span class='ocrx_word' id='word_1_19' title='bbox 700 468 769 534; x_wconf 87' lang='grc' dir='ltr'><em>τῦν</em></span> <span class='ocrx_word' id='word_1_20' title='bbox 791 469 989 552; x_wconf 79' lang='grc' dir='ltr'><em>μειρακίων,</em></span> <span class='ocrx_word' id='word_1_21' title='bbox 1014 462 1089 534; x_wconf 83' lang='grc' dir='ltr'><em>οὐδ’</em></span> <span class='ocrx_word' id='word_1_22' title='bbox 1116 461 1162 544; x_wconf 79' lang='grc' dir='ltr'><em>ὡς</em></span> 
     </span>
     <span class='ocr_line' id='line_1_4' title="bbox 146 570 1161 660; baseline -0.001 -18"><span class='ocrx_word' id='word_1_23' title='bbox 146 571 348 660; x_wconf 79' lang='grc' dir='ltr'><em>ἀναγκάσων</em></span> <span class='ocrx_word' id='word_1_24' title='bbox 380 570 502 652; x_wconf 83' lang='grc' dir='ltr'><em>αύτούς</em></span> <span class='ocrx_word' id='word_1_25' title='bbox 532 585 604 652; x_wconf 87' lang='grc' dir='ltr'><em>τοῖς</em></span> <span class='ocrx_word' id='word_1_26' title='bbox 634 570 788 654; x_wconf 77' lang='grc' dir='ltr'><em>ἀνεψιοῖς</em></span> <span class='ocrx_word' id='word_1_27' title='bbox 816 570 872 640; x_wconf 80' lang='grc' dir='ltr'><em>διὰ</em></span> <span class='ocrx_word' id='word_1_28' title='bbox 902 571 1008 659; x_wconf 81' lang='grc' dir='ltr'><em>μάχης</em></span> <span class='ocrx_word' id='word_1_29' title='bbox 1036 585 1161 660; x_wconf 90' lang='grc' dir='ltr'><em>χωρεῖν</em></span> 
     </span>
     <span class='ocr_line' id='line_1_5' title="bbox 146 676 1162 769; baseline -0.001 -20"><span class='ocrx_word' id='word_1_30' title='bbox 146 684 178 749; x_wconf 88' lang='grc' dir='ltr'><em>εί</em></span> <span class='ocrx_word' id='word_1_31' title='bbox 203 680 247 768; x_wconf 79' lang='grc' dir='ltr'><em>μὴ</em></span> <span class='ocrx_word' id='word_1_32' title='bbox 275 687 479 768; x_wconf 78' lang='grc' dir='ltr'><em>βουληθεῖεν</em></span> <span class='ocrx_word' id='word_1_33' title='bbox 507 677 604 749; x_wconf 87' lang='grc' dir='ltr'><em>αύτοὶ</em></span> <span class='ocrx_word' id='word_1_34' title='bbox 633 677 694 748; x_wconf 87' lang='grc' dir='ltr'><em>τὸν</em></span> <span class='ocrx_word' id='word_1_35' title='bbox 721 677 837 765; x_wconf 82' lang='grc' dir='ltr'><em>άγῦυα</em></span> <span class='ocrx_word' id='word_1_36' title='bbox 867 676 1048 766; x_wconf 79' lang='grc' dir='ltr'><em>ὑπομεῖναι</em></span> <span class='ocrx_word' id='word_1_37' title='bbox 1077 704 1162 769; x_wconf 86' lang='grc' dir='ltr'><em>παρ-</em></span> 
     </span>
    </p>

    <p class='ocr_par' dir='ltr' id='par_1_3' title="bbox 106 777 1164 1307">
     <span class='ocr_line' id='line_1_6' title="bbox 106 777 1164 875; baseline -0.001 -19"><span class='ocrx_word' id='word_1_38' title='bbox 106 814 120 856; x_wconf 80' lang='grc' dir='ltr'><em>ε</em></span> <span class='ocrx_word' id='word_1_39' title='bbox 147 788 393 875; x_wconf 85' lang='grc' dir='ltr'><em>εσκενασάμην,</em></span> <span class='ocrx_word' id='word_1_40' title='bbox 417 784 489 855; x_wconf 81' lang='grc' dir='ltr'><em>ἀλλ’</em></span> <span class='ocrx_word' id='word_1_41' title='bbox 516 784 629 874; x_wconf 78' lang='grc' dir='ltr'><em>ἐπειδὴ</em></span> <span class='ocrx_word' id='word_1_42' title='bbox 652 785 789 874; x_wconf 89' lang='grc' dir='ltr'><em>τάχιστα</em></span> <span class='ocrx_word' id='word_1_43' title='bbox 808 787 862 854; x_wconf 84' lang='grc' dir='ltr'><em>ἐπὶ</em></span> <span class='ocrx_word' id='word_1_44' title='bbox 883 790 970 855; x_wconf 92' lang='grc' dir='ltr'><em>νοῦν</em></span> <span class='ocrx_word' id='word_1_45' title='bbox 993 777 1084 874; x_wconf 79' lang='grc' dir='ltr'><em>ἦλθέ</em></span> <span class='ocrx_word' id='word_1_46' title='bbox 1104 809 1164 874; x_wconf 91' lang='grc' dir='ltr'><em>μοι</em></span> 
     </span>
     <span class='ocr_line' id='line_1_7' title="bbox 145 891 1163 983; baseline -0.002 -19"><span class='ocrx_word' id='word_1_47' title='bbox 145 894 224 964; x_wconf 88' lang='grc' dir='ltr'><em>τόδε</em></span> <span class='ocrx_word' id='word_1_48' title='bbox 251 893 289 964; x_wconf 90' lang='grc' dir='ltr'><em>τὸ</em></span> <span class='ocrx_word' id='word_1_49' title='bbox 321 894 492 981; x_wconf 82' lang='grc' dir='ltr'><em>βούλευμα</em></span> <span class='ocrx_word' id='word_1_50' title='bbox 523 891 603 974; x_wconf 89' lang='grc' dir='ltr'><em>τοῦς</em></span> <span class='ocrx_word' id='word_1_51' title='bbox 629 891 812 980; x_wconf 88' lang='grc' dir='ltr'><em>Ἀλβαυοῦς</em></span> <span class='ocrx_word' id='word_1_52' title='bbox 841 899 1032 983; x_wconf 77' lang='grc' dir='ltr'><em>Κορατίους</em></span> <span class='ocrx_word' id='word_1_53' title='bbox 1064 920 1163 980; x_wconf 91' lang='grc' dir='ltr'><em>μετα-</em></span> 
     </span>
     <span class='ocr_line' id='line_1_8' title="bbox 146 998 1164 1090; baseline -0.001 -20"><span class='ocrx_word' id='word_1_54' title='bbox 146 1002 361 1090; x_wconf 77' lang='grc' dir='ltr'><em>πεμψάμενος</em></span> <span class='ocrx_word' id='word_1_55' title='bbox 388 998 489 1080; x_wconf 79' lang='grc' dir='ltr'><em>αὐτὸς</em></span> <span class='ocrx_word' id='word_1_56' title='bbox 516 998 565 1069; x_wconf 82' lang='grc' dir='ltr'><em>ἐπ’</em></span> <span class='ocrx_word' id='word_1_57' title='bbox 591 1002 737 1087; x_wconf 91' lang='grc' dir='ltr'><em>ἐμαυτοῦ</em></span> <span class='ocrx_word' id='word_1_58' title='bbox 770 999 948 1090; x_wconf 70' lang='grc' dir='ltr'><em>διάπειραν</em></span> <span class='ocrx_word' id='word_1_59' title='bbox 978 1005 1104 1086; x_wconf 88' lang='grc' dir='ltr'><em>έλαβου</em></span> <span class='ocrx_word' id='word_1_60' title='bbox 1133 1005 1164 1069; x_wconf 86' lang='grc' dir='ltr'><em>εί</em></span> 
     </span>
     <span class='ocr_line' id='line_1_9' title="bbox 146 1105 1162 1195; baseline -0.001 -18"><span class='ocrx_word' id='word_1_61' title='bbox 146 1109 368 1195; x_wconf 81' lang='grc' dir='ltr'><em>βουλομένοις</em></span> <span class='ocrx_word' id='word_1_62' title='bbox 395 1105 509 1187; x_wconf 90' lang='grc' dir='ltr'><em>αύτοῖς</em></span> <span class='ocrx_word' id='word_1_63' title='bbox 535 1110 627 1176; x_wconf 88' lang='grc' dir='ltr'><em>ἐστιν</em></span> <span class='ocrx_word' id='word_1_64' title='bbox 652 1105 670 1176; x_wconf 86' lang='grc' dir='ltr'>ὁ</span> <span class='ocrx_word' id='word_1_65' title='bbox 693 1106 800 1194; x_wconf 84' lang='grc' dir='ltr'><em>άγάν·</em></span> <span class='ocrx_word' id='word_1_66' title='bbox 828 1108 1020 1195; x_wconf 85' lang='grc' dir='ltr'><em>δεξαμένων</em></span> <span class='ocrx_word' id='word_1_67' title='bbox 1044 1106 1076 1175; x_wconf 88' lang='grc' dir='ltr'><em>δ’</em></span> <span class='ocrx_word' id='word_1_68' title='bbox 1103 1105 1162 1176; x_wconf 91' lang='grc' dir='ltr'><em>αύ-</em></span> 
     </span>
     <span class='ocr_line' id='line_1_10' title="bbox 146 1212 1162 1307; baseline -0.003 -22"><span class='ocrx_word' id='word_1_69' title='bbox 146 1218 214 1285; x_wconf 82' lang='grc' dir='ltr'><em>τῦν</em></span> <span class='ocrx_word' id='word_1_70' title='bbox 237 1212 299 1284; x_wconf 86' lang='grc' dir='ltr'><em>τὸν</em></span> <span class='ocrx_word' id='word_1_71' title='bbox 322 1214 426 1302; x_wconf 85' lang='grc' dir='ltr'><em>λόγον</em></span> <span class='ocrx_word' id='word_1_72' title='bbox 449 1213 577 1307; x_wconf 78' lang='grc' dir='ltr'><em>άπίστῳ</em></span> <span class='ocrx_word' id='word_1_73' title='bbox 600 1216 669 1284; x_wconf 80' lang='grc' dir='ltr'><em>τινὶ</em></span> <span class='ocrx_word' id='word_1_74' title='bbox 693 1216 749 1283; x_wconf 78' lang='grc' dir='ltr'><em>καὶ</em></span> <span class='ocrx_word' id='word_1_75' title='bbox 771 1219 951 1303; x_wconf 75' lang='grc' dir='ltr'><em>θαυμαστῇ</em></span> <span class='ocrx_word' id='word_1_76' title='bbox 974 1219 1162 1306; x_wconf 73' lang='grc' dir='ltr'><em>προθυμίη,</em></span> 
     </span>
    </p>

    <p class='ocr_par' dir='ltr' id='par_1_4' title="bbox 107 1320 1165 1624">
     <span class='ocr_line' id='line_1_11' title="bbox 107 1320 1163 1409; baseline 0.002 -22"><span class='ocrx_word' id='word_1_77' title='bbox 107 1349 134 1388; x_wconf 88' lang='lat'><em>10</em></span> <span class='ocrx_word' id='word_1_78' title='bbox 146 1321 221 1391; x_wconf 91' lang='grc' dir='ltr'><em>τότε</em></span> <span class='ocrx_word' id='word_1_79' title='bbox 252 1320 500 1392; x_wconf 91' lang='grc' dir='ltr'><em>άνακαλύπτειν</em></span> <span class='ocrx_word' id='word_1_80' title='bbox 536 1327 647 1409; x_wconf 85' lang='grc' dir='ltr'><em>έγυων</em></span> <span class='ocrx_word' id='word_1_81' title='bbox 678 1321 716 1391; x_wconf 90' lang='grc' dir='ltr'><em>τὸ</em></span> <span class='ocrx_word' id='word_1_82' title='bbox 751 1321 923 1408; x_wconf 86' lang='grc' dir='ltr'><em>βούλευμα</em></span> <span class='ocrx_word' id='word_1_83' title='bbox 954 1322 1011 1389; x_wconf 82' lang='grc' dir='ltr'><em>καὶ</em></span> <span class='ocrx_word' id='word_1_84' title='bbox 1043 1323 1163 1409; x_wconf 83' lang='grc' dir='ltr'><em>φέρειν</em></span> 
     </span>
     <span class='ocr_line' id='line_1_12' title="bbox 147 1425 1165 1516; baseline -0.002 -19"><span class='ocrx_word' id='word_1_85' title='bbox 147 1433 194 1510; x_wconf 90' lang='grc' dir='ltr'><em>είς</em></span> <span class='ocrx_word' id='word_1_86' title='bbox 221 1431 338 1516; x_wconf 94' lang='grc' dir='ltr'><em>μέσον·</em></span> <span class='ocrx_word' id='word_1_87' title='bbox 376 1434 434 1498; x_wconf 90' lang='grc' dir='ltr'><em>σοί</em></span> <span class='ocrx_word' id='word_1_88' title='bbox 456 1455 491 1498; x_wconf 92' lang='grc' dir='ltr'><em>τε</em></span> <span class='ocrx_word' id='word_1_89' title='bbox 518 1427 556 1499; x_wconf 86' lang='grc' dir='ltr'><em>τὸ</em></span> <span class='ocrx_word' id='word_1_90' title='bbox 585 1427 666 1498; x_wconf 89' lang='grc' dir='ltr'><em>αύτὸ</em></span> <span class='ocrx_word' id='word_1_91' title='bbox 694 1432 793 1499; x_wconf 89' lang='grc' dir='ltr'><em>τοῦτο</em></span> <span class='ocrx_word' id='word_1_92' title='bbox 821 1425 1024 1515; x_wconf 78' lang='grc' dir='ltr'><em>ὑποτίθεμαι</em></span> <span class='ocrx_word' id='word_1_93' title='bbox 1051 1439 1165 1496; x_wconf 78' lang='grc' dir='ltr'><em>ποιεῖν</em></span> 
     </span>
     <span class='ocr_line' id='line_1_13' title="bbox 146 1532 1164 1624; baseline -0.002 -20"><span class='ocrx_word' id='word_1_94' title='bbox 146 1536 325 1604; x_wconf 74' lang='grc' dir='ltr'><em>καλέσαντι</em></span> <span class='ocrx_word' id='word_1_95' title='bbox 347 1534 435 1616; x_wconf 77' lang='grc' dir='ltr'><em>1τοῦς</em></span> <span class='ocrx_word' id='word_1_96' title='bbox 464 1534 543 1624; x_wconf 88' lang='grc' dir='ltr'><em>παρ’</em></span> <span class='ocrx_word' id='word_1_97' title='bbox 571 1533 653 1624; x_wconf 86' lang='grc' dir='ltr'><em>ὑμῖν</em></span> <span class='ocrx_word' id='word_1_98' title='bbox 680 1535 865 1623; x_wconf 76' lang='grc' dir='ltr'><em>τριδύμους</em></span> <span class='ocrx_word' id='word_1_99' title='bbox 895 1548 1016 1624; x_wconf 89' lang='grc' dir='ltr'><em>πεῖραν</em></span> <span class='ocrx_word' id='word_1_100' title='bbox 1049 1532 1164 1603; x_wconf 79' lang='grc' dir='ltr'><em>αὐτῶν</em></span> 
     </span>
    </p>

    <p class='ocr_par' dir='ltr' id='par_1_5' title="bbox 95 1634 1165 1730">
     <span class='ocr_line' id='line_1_14' title="bbox 95 1634 1165 1730; baseline 0.004 -23"><span class='ocrx_word' id='word_1_101' title='bbox 95 1639 130 1707; x_wconf 66' lang='grc'><em>’4</em></span> <span class='ocrx_word' id='word_1_102' title='bbox 147 1645 205 1729; x_wconf 79' lang='grc' dir='ltr'><em>τῆς</em></span> <span class='ocrx_word' id='word_1_103' title='bbox 226 1641 363 1730; x_wconf 78' lang='grc' dir='ltr'><em>γνώμης</em></span> <span class='ocrx_word' id='word_1_104' title='bbox 385 1641 601 1730; x_wconf 83' lang='grc' dir='ltr'><em>ποιήσασθαι.</em></span> <span class='ocrx_word' id='word_1_105' title='bbox 652 1640 712 1711; x_wconf 86' lang='grc' dir='ltr'><em>έδιν</em></span> <span class='ocrx_word' id='word_1_106' title='bbox 740 1643 801 1729; x_wconf 75' lang='grc' dir='ltr'><em>μὲν</em></span> <span class='ocrx_word' id='word_1_107' title='bbox 830 1634 893 1711; x_wconf 88' lang='grc' dir='ltr'><em>οῦν</em></span> <span class='ocrx_word' id='word_1_108' title='bbox 921 1640 1054 1721; x_wconf 80' lang='grc' dir='ltr'><em>ἑκόντες</em></span> <span class='ocrx_word' id='word_1_109' title='bbox 1082 1660 1165 1711; x_wconf 92' lang='grc' dir='ltr'><em>συν-</em></span> 
     </span>
    </p>

    <p class='ocr_par' dir='ltr' id='par_1_6' title="bbox 26 1747 1212 1838">
     <span class='ocr_line' id='line_1_15' title="bbox 26 1747 1212 1838; baseline 0.003 -20"><span class='ocrx_word' id='word_1_110' title='bbox 26 1763 28 1767; x_wconf 81' lang='grc'>’</span> <span class='ocrx_word' id='word_1_111' title='bbox 147 1752 324 1818; x_wconf 80' lang='grc' dir='ltr'><em>επιδιδῦσι</em></span> <span class='ocrx_word' id='word_1_112' title='bbox 359 1747 508 1818; x_wconf 87' lang='grc' dir='ltr'><em>κάκεῖνοι</em></span> <span class='ocrx_word' id='word_1_113' title='bbox 540 1747 581 1818; x_wconf 81' lang='grc' dir='ltr'><em>τά</em></span> <span class='ocrx_word' id='word_1_114' title='bbox 613 1749 749 1837; x_wconf 77' lang='grc' dir='ltr'><em>στόματα</em></span> <span class='ocrx_word' id='word_1_115' title='bbox 780 1751 1068 1838; x_wconf 78' lang='grc' dir='ltr'><em>προκινδυνεῦσαι</em></span> <span class='ocrx_word' id='word_1_116' title='bbox 1101 1753 1212 1836; x_wconf 56' lang='lat' dir='ltr'><em>visus</em></span> 
     </span>
    </p>

    <p class='ocr_par' dir='ltr' id='par_1_7' title="bbox 107 1853 1166 2373">
     <span class='ocr_line' id='line_1_16' title="bbox 107 1853 1165 1945; baseline 0.001 -23"><span class='ocrx_word' id='word_1_117' title='bbox 107 1881 133 1922; x_wconf 79' lang='grc' dir='ltr'><em>ιτ</em></span> <span class='ocrx_word' id='word_1_118' title='bbox 149 1856 278 1924; x_wconf 84' lang='grc' dir='ltr'><em>ἕαυτῦν</em></span> <span class='ocrx_word' id='word_1_119' title='bbox 300 1858 461 1944; x_wconf 85' lang='grc' dir='ltr'><em>πατρίδος</em></span> <span class='ocrx_word' id='word_1_120' title='bbox 479 1857 581 1943; x_wconf 85' lang='grc' dir='ltr'><em>δέχου</em></span> <span class='ocrx_word' id='word_1_121' title='bbox 598 1853 660 1943; x_wconf 80' lang='grc' dir='ltr'><em>τὴν</em></span> <span class='ocrx_word' id='word_1_122' title='bbox 679 1855 790 1943; x_wconf 86' lang='grc' dir='ltr'><em>χάριν,</em></span> <span class='ocrx_word' id='word_1_123' title='bbox 808 1853 925 1924; x_wconf 68' lang='grc' dir='ltr'><em>ἐὰνδὲ</em></span> <span class='ocrx_word' id='word_1_124' title='bbox 945 1853 1165 1945; x_wconf 85' lang='grc' dir='ltr'><em>ἀναδύωνται</em></span> 
     </span>
     <span class='ocr_line' id='line_1_17' title="bbox 147 1960 1166 2052; baseline 0.001 -23"><span class='ocrx_word' id='word_1_125' title='bbox 147 1966 315 2050; x_wconf 89' lang='grc' dir='ltr'><em>μηδεμίαν</em></span> <span class='ocrx_word' id='word_1_126' title='bbox 343 1960 458 2042; x_wconf 82' lang='grc' dir='ltr'><em>αὐτοῖς</em></span> <span class='ocrx_word' id='word_1_127' title='bbox 484 1961 655 2052; x_wconf 85' lang='grc' dir='ltr'><em>πρόσφερε</em></span> <span class='ocrx_word' id='word_1_128' title='bbox 682 1961 843 2051; x_wconf 91' lang='grc' dir='ltr'><em>άνάγκην.</em></span> <span class='ocrx_word' id='word_1_129' title='bbox 889 1960 1097 2049; x_wconf 89' lang='grc' dir='ltr'><em>μαντεύομαι</em></span> <span class='ocrx_word' id='word_1_130' title='bbox 1127 1961 1166 2030; x_wconf 70' lang='grc' dir='ltr'><em>δὲ</em></span> 
     </span>
     <span class='ocr_line' id='line_1_18' title="bbox 147 2063 1164 2160; baseline 0.001 -23"><span class='ocrx_word' id='word_1_131' title='bbox 147 2070 204 2137; x_wconf 83' lang='grc' dir='ltr'><em>καί</em></span> <span class='ocrx_word' id='word_1_132' title='bbox 231 2069 306 2157; x_wconf 81' lang='grc' dir='ltr'><em>περὶ</em></span> <span class='ocrx_word' id='word_1_133' title='bbox 334 2070 472 2137; x_wconf 79' lang='grc' dir='ltr'><em>ἐκείνων</em></span> <span class='ocrx_word' id='word_1_134' title='bbox 501 2063 556 2139; x_wconf 81' lang='grc' dir='ltr'><em>οἷα</em></span> <span class='ocrx_word' id='word_1_135' title='bbox 583 2070 738 2158; x_wconf 78' lang='grc' dir='ltr'><em>καὶπερὶ</em></span> <span class='ocrx_word' id='word_1_136' title='bbox 764 2074 833 2139; x_wconf 80' lang='grc' dir='ltr'><em>τῶν</em></span> <span class='ocrx_word' id='word_1_137' title='bbox 856 2068 1042 2160; x_wconf 83' lang='grc' dir='ltr'><em>ἡμετέρων,</em></span> <span class='ocrx_word' id='word_1_138' title='bbox 1071 2078 1164 2159; x_wconf 88' lang='grc' dir='ltr'><em>είπερ</em></span> 
     </span>
     <span class='ocr_line' id='line_1_19' title="bbox 149 2167 1165 2264; baseline 0.001 -19"><span class='ocrx_word' id='word_1_139' title='bbox 149 2167 213 2245; x_wconf 87' lang='grc' dir='ltr'><em>οῦν</em></span> <span class='ocrx_word' id='word_1_140' title='bbox 241 2177 328 2244; x_wconf 83' lang='grc' dir='ltr'><em>είσὶν</em></span> <span class='ocrx_word' id='word_1_141' title='bbox 357 2179 451 2256; x_wconf 78' lang='grc' dir='ltr'><em>οἵους</em></span> <span class='ocrx_word' id='word_1_142' title='bbox 479 2174 663 2264; x_wconf 82' lang='grc' dir='ltr'><em>ἀκούομεν,</em></span> <span class='ocrx_word' id='word_1_143' title='bbox 687 2177 770 2263; x_wconf 85' lang='grc' dir='ltr'><em>&lt;ἐν&gt;</em></span> <span class='ocrx_word' id='word_1_144' title='bbox 794 2173 921 2263; x_wconf 86' lang='grc' dir='ltr'><em>ὀλίγοις</em></span> <span class='ocrx_word' id='word_1_145' title='bbox 949 2189 1020 2256; x_wconf 86' lang='grc' dir='ltr'><em>τοῖς</em></span> <span class='ocrx_word' id='word_1_146' title='bbox 1042 2175 1165 2264; x_wconf 86' lang='grc' dir='ltr'><em>άριστα</em></span> 
     </span>
     <span class='ocr_line' id='line_1_20' title="bbox 147 2281 1163 2373; baseline 0 -21"><span class='ocrx_word' id='word_1_147' title='bbox 147 2282 336 2372; x_wconf 85' lang='grc' dir='ltr'><em>πεφυκόσιν</em></span> <span class='ocrx_word' id='word_1_148' title='bbox 360 2281 472 2370; x_wconf 81' lang='grc' dir='ltr'><em>ὅμοιοι</em></span> <span class='ocrx_word' id='word_1_149' title='bbox 493 2284 550 2351; x_wconf 86' lang='grc' dir='ltr'><em>καὶ</em></span> <span class='ocrx_word' id='word_1_150' title='bbox 578 2281 619 2351; x_wconf 82' lang='grc' dir='ltr'><em>τὰ</em></span> <span class='ocrx_word' id='word_1_151' title='bbox 642 2285 784 2371; x_wconf 83' lang='grc' dir='ltr'><em>πολέμια</em></span> <span class='ocrx_word' id='word_1_152' title='bbox 807 2281 948 2370; x_wconf 88' lang='grc' dir='ltr'><em>άγαθοί·</em></span> <span class='ocrx_word' id='word_1_153' title='bbox 979 2285 1076 2365; x_wconf 93' lang='grc' dir='ltr'><em>κλέος</em></span> <span class='ocrx_word' id='word_1_154' title='bbox 1099 2282 1163 2373; x_wconf 83' lang='grc' dir='ltr'><em>γάρ</em></span> 
     </span>
    </p>

    <p class='ocr_par' dir='ltr' id='par_1_8' title="bbox 107 2388 1168 2692">
     <span class='ocr_line' id='line_1_21' title="bbox 107 2388 957 2480; baseline 0.008 -27"><span class='ocrx_word' id='word_1_155' title='bbox 107 2413 136 2454; x_wconf 82' lang='grc' dir='ltr'><em>εο</em></span> <span class='ocrx_word' id='word_1_156' title='bbox 149 2389 261 2460; x_wconf 81' lang='grc' dir='ltr'><em>αῦτῦν</em></span> <span class='ocrx_word' id='word_1_157' title='bbox 283 2391 339 2459; x_wconf 82' lang='grc' dir='ltr'><em>καὶ</em></span> <span class='ocrx_word' id='word_1_158' title='bbox 361 2388 447 2480; x_wconf 87' lang='grc' dir='ltr'><em>πρὸς</em></span> <span class='ocrx_word' id='word_1_159' title='bbox 468 2388 554 2478; x_wconf 80' lang='grc' dir='ltr'><em>ἡμᾶς</em></span> <span class='ocrx_word' id='word_1_160' title='bbox 577 2388 723 2477; x_wconf 79' lang='grc' dir='ltr'><em>ἐλήλυθε</em></span> <span class='ocrx_word' id='word_1_161' title='bbox 749 2394 808 2478; x_wconf 81' lang='grc' dir='ltr'><em>τῆς</em></span> <span class='ocrx_word' id='word_1_162' title='bbox 830 2388 957 2480; x_wconf 76' lang='grc' dir='ltr'><em>ἀρετῆς.</em></span> 
     </span>
     <span class='ocr_line' id='line_1_22' title="bbox 236 2495 1164 2587; baseline 0.004 -24"><span class='ocrx_word' id='word_1_163' title='bbox 236 2497 326 2565; x_wconf 88' lang='lat' dir='ltr'>XVI.</span> <span class='ocrx_word' id='word_1_164' title='bbox 358 2498 499 2587; x_wconf 80' lang='grc' dir='ltr'><em>Δέχεται</em></span> <span class='ocrx_word' id='word_1_165' title='bbox 528 2495 570 2584; x_wconf 81' lang='grc' dir='ltr'><em>δὴ</em></span> <span class='ocrx_word' id='word_1_166' title='bbox 597 2496 660 2584; x_wconf 79' lang='grc' dir='ltr'><em>τὴν</em></span> <span class='ocrx_word' id='word_1_167' title='bbox 682 2503 881 2585; x_wconf 79' lang='grc' dir='ltr'><em>παραίνεσιν</em></span> <span class='ocrx_word' id='word_1_168' title='bbox 911 2495 929 2566; x_wconf 87' lang='grc' dir='ltr'>ὁ</span> <span class='ocrx_word' id='word_1_169' title='bbox 957 2496 1086 2580; x_wconf 73' lang='grc' dir='ltr'><em>Τύλλος</em></span> <span class='ocrx_word' id='word_1_170' title='bbox 1108 2500 1164 2567; x_wconf 82' lang='grc' dir='ltr'><em>καί</em></span> 
     </span>
     <span class='ocr_line' id='line_1_23' title="bbox 150 2599 1168 2692; baseline 0.002 -20"><span class='ocrx_word' id='word_1_171' title='bbox 150 2605 354 2692; x_wconf 84' lang='grc' dir='ltr'><em>δεχημέρους</em></span> <span class='ocrx_word' id='word_1_172' title='bbox 379 2604 607 2692; x_wconf 91' lang='grc' dir='ltr'><em>ποιησάμενος</em></span> <span class='ocrx_word' id='word_1_173' title='bbox 633 2602 772 2691; x_wconf 86' lang='grc' dir='ltr'><em>άυοχάς,</em></span> <span class='ocrx_word' id='word_1_174' title='bbox 802 2606 840 2673; x_wconf 86' lang='grc' dir='ltr'><em>ἐν</em></span> <span class='ocrx_word' id='word_1_175' title='bbox 868 2599 922 2685; x_wconf 83' lang='grc' dir='ltr'><em>αἷς</em></span> <span class='ocrx_word' id='word_1_176' title='bbox 945 2604 1168 2691; x_wconf 87' lang='grc' dir='ltr'><em>βουλεύσεταί</em></span> 
     </span>
    </p>

    <p class='ocr_par' dir='ltr' id='par_1_9' title="bbox 59 2707 1165 2801">
     <span class='ocr_line' id='line_1_24' title="bbox 59 2707 1165 2801; baseline 0.001 -21"><span class='ocrx_word' id='word_1_177' title='bbox 59 2729 62 2733; x_wconf 83' lang='grc'><strong>’</strong></span> <span class='ocrx_word' id='word_1_178' title='bbox 148 2738 183 2780; x_wconf 91' lang='grc' dir='ltr'><em>τε</em></span> <span class='ocrx_word' id='word_1_179' title='bbox 210 2711 266 2779; x_wconf 82' lang='grc' dir='ltr'><em>καὶ</em></span> <span class='ocrx_word' id='word_1_180' title='bbox 298 2707 421 2798; x_wconf 79' lang='grc' dir='ltr'><em>μαθων</em></span> <span class='ocrx_word' id='word_1_181' title='bbox 453 2708 515 2799; x_wconf 84' lang='grc' dir='ltr'><em>την</em></span> <span class='ocrx_word' id='word_1_182' title='bbox 548 2709 705 2779; x_wconf 92' lang='grc' dir='ltr'><em>διάνοιαν</em></span> <span class='ocrx_word' id='word_1_183' title='bbox 737 2713 806 2780; x_wconf 79' lang='grc' dir='ltr'><em>τάν</em></span> <span class='ocrx_word' id='word_1_184' title='bbox 833 2708 994 2800; x_wconf 89' lang='grc' dir='ltr'><em>Ὁρατίων</em></span> <span class='ocrx_word' id='word_1_185' title='bbox 1027 2709 1165 2801; x_wconf 90' lang='grc' dir='ltr'><em>άποκρι-</em></span> 
     </span>
    </p>

    <p class='ocr_par' dir='ltr' id='par_1_10' title="bbox 149 2815 1165 2907">
     <span class='ocr_line' id='line_1_25' title="bbox 149 2815 1165 2907; baseline 0.002 -22"><span class='ocrx_word' id='word_1_186' title='bbox 149 2830 256 2886; x_wconf 79' lang='grc' dir='ltr'><em>νεῖται</em></span> <span class='ocrx_word' id='word_1_187' title='bbox 274 2821 385 2904; x_wconf 81' lang='grc' dir='ltr'><em>παρῆυ</em></span> <span class='ocrx_word' id='word_1_188' title='bbox 405 2821 453 2901; x_wconf 76' lang='grc' dir='ltr'><em>είς</em></span> <span class='ocrx_word' id='word_1_189' title='bbox 469 2815 532 2905; x_wconf 79' lang='grc' dir='ltr'><em>την</em></span> <span class='ocrx_word' id='word_1_190' title='bbox 550 2816 660 2886; x_wconf 91' lang='grc' dir='ltr'><em>πόλιν.</em></span> <span class='ocrx_word' id='word_1_191' title='bbox 691 2830 764 2898; x_wconf 90' lang='grc' dir='ltr'><em>ταῖς</em></span> <span class='ocrx_word' id='word_1_192' title='bbox 782 2816 814 2885; x_wconf 85' lang='grc' dir='ltr'><em>δ’</em></span> <span class='ocrx_word' id='word_1_193' title='bbox 836 2818 910 2906; x_wconf 74' lang='grc' dir='ltr'><em>ἑξῆς</em></span> <span class='ocrx_word' id='word_1_194' title='bbox 927 2816 1068 2907; x_wconf 77' lang='grc' dir='ltr'><em>ἡμέραις</em></span> <span class='ocrx_word' id='word_1_195' title='bbox 1084 2824 1165 2905; x_wconf 81' lang='grc' dir='ltr'><em>βου·</em></span> 
     </span>
    </p>
   </div>
   <div class='ocr_carea' id='block_1_3' title="bbox 149 3043 1166 3262">
    <p class='ocr_par' dir='ltr' id='par_1_11' title="bbox 149 3043 1166 3262">
     <span class='ocr_line' id='line_1_26' title="bbox 222 3043 1164 3120; baseline 0.002 -17"><span class='ocrx_word' id='word_1_196' title='bbox 222 3054 238 3104; x_wconf 80' lang='grc'>2</span> <span class='ocrx_word' id='word_1_197' title='bbox 264 3043 355 3104; x_wconf 86' lang='grc' dir='ltr'><em>τύλλιε</em></span> <span class='ocrx_word' id='word_1_198' title='bbox 379 3051 404 3104; x_wconf 87' lang='grc' dir='ltr'><strong>Α</strong></span> <span class='ocrx_word' id='word_1_199' title='bbox 484 3057 500 3105; x_wconf 83' lang='grc'>3</span> <span class='ocrx_word' id='word_1_200' title='bbox 524 3044 693 3119; x_wconf 74' lang='grc' dir='ltr'><em>ἀναγκάζων</em></span> <span class='ocrx_word' id='word_1_201' title='bbox 720 3049 773 3104; x_wconf 87' lang='grc' dir='ltr'><em>ΑΒ</em></span> <span class='ocrx_word' id='word_1_202' title='bbox 806 3049 841 3104; x_wconf 81' lang='lat' dir='ltr'><em>cf.</em></span> <span class='ocrx_word' id='word_1_203' title='bbox 870 3048 959 3105; x_wconf 67' lang='lat' dir='ltr'>Cobet</span> <span class='ocrx_word' id='word_1_204' title='bbox 990 3048 1055 3104; x_wconf 82' lang='lat' dir='ltr'>obs.</span> <span class='ocrx_word' id='word_1_205' title='bbox 1084 3068 1112 3120; x_wconf 87' lang='lat' dir='ltr'><em>p.</em></span> <span class='ocrx_word' id='word_1_206' title='bbox 1131 3055 1164 3106; x_wconf 79' lang='grc'><em>63</em></span> 
     </span>
     <span class='ocr_line' id='line_1_27' title="bbox 149 3114 1165 3191; baseline 0 -17"><span class='ocrx_word' id='word_1_207' title='bbox 149 3114 285 3184; x_wconf 87' lang='grc' dir='ltr'><em>4αῦτοῖς</em></span> <span class='ocrx_word' id='word_1_208' title='bbox 309 3121 333 3174; x_wconf 86' lang='grc' dir='ltr'><strong>Α</strong></span> <span class='ocrx_word' id='word_1_209' title='bbox 413 3126 429 3176; x_wconf 79' lang='grc' dir='ltr'>ὅ</span> <span class='ocrx_word' id='word_1_210' title='bbox 454 3117 513 3191; x_wconf 76' lang='grc' dir='ltr'><em>ἐπὶ]</em></span> <span class='ocrx_word' id='word_1_211' title='bbox 537 3118 578 3182; x_wconf 88' lang='grc' dir='ltr'><em>είς</em></span> <span class='ocrx_word' id='word_1_212' title='bbox 606 3136 629 3176; x_wconf 84' lang='lat' dir='ltr'><em>c.</em></span> <span class='ocrx_word' id='word_1_213' title='bbox 657 3119 799 3190; x_wconf 78' lang='lat' dir='ltr'>Kiessling</span> <span class='ocrx_word' id='word_1_214' title='bbox 880 3125 912 3176; x_wconf 90' lang='lat'><em>11</em></span> <span class='ocrx_word' id='word_1_215' title='bbox 936 3139 966 3176; x_wconf 91' lang='grc' dir='ltr'><em>τε</em></span> <span class='ocrx_word' id='word_1_216' title='bbox 989 3118 1021 3176; x_wconf 84' lang='grc' dir='ltr'><em>τῦ</em></span> <span class='ocrx_word' id='word_1_217' title='bbox 1049 3116 1120 3176; x_wconf 83' lang='grc' dir='ltr'><em>αύτῦ</em></span> <span class='ocrx_word' id='word_1_218' title='bbox 1142 3120 1165 3174; x_wconf 90' lang='grc' dir='ltr'>Β</span> 
     </span>
     <span class='ocr_line' id='line_1_28' title="bbox 149 3185 1166 3262; baseline -0.002 -16"><span class='ocrx_word' id='word_1_219' title='bbox 149 3211 180 3247; x_wconf 83' lang='grc' dir='ltr'><em>τε</em></span> <span class='ocrx_word' id='word_1_220' title='bbox 200 3185 270 3246; x_wconf 85' lang='grc' dir='ltr'><em>αῦτδ</em></span> <span class='ocrx_word' id='word_1_221' title='bbox 290 3192 315 3247; x_wconf 89' lang='lat' dir='ltr'>A</span> <span class='ocrx_word' id='word_1_222' title='bbox 333 3186 439 3247; x_wconf 75' lang='grc' dir='ltr'><em>ταύτόῖ</em></span> <span class='ocrx_word' id='word_1_223' title='bbox 504 3198 537 3246; x_wconf 88' lang='grc'><em>16</em></span> <span class='ocrx_word' id='word_1_224' title='bbox 556 3185 655 3254; x_wconf 87' lang='grc' dir='ltr'><em>αῦτοῖς</em></span> <span class='ocrx_word' id='word_1_225' title='bbox 674 3209 696 3247; x_wconf 88' lang='grc' dir='ltr'><em>ο.</em></span> <span class='ocrx_word' id='word_1_226' title='bbox 716 3191 839 3262; x_wconf 82' lang='lat' dir='ltr'><strong>Sylburg</strong></span> <span class='ocrx_word' id='word_1_227' title='bbox 858 3186 987 3254; x_wconf 84' lang='grc' dir='ltr'><em>αύτύςΟ</em></span> <span class='ocrx_word' id='word_1_228' title='bbox 1047 3197 1082 3247; x_wconf 79' lang='grc' dir='ltr'><em>1ῖ</em></span> <span class='ocrx_word' id='word_1_229' title='bbox 1100 3190 1166 3259; x_wconf 78' lang='grc' dir='ltr'><em>περὶ</em></span> 
     </span>
    </p>
   </div>
   <div class='ocr_carea' id='block_1_4' title="bbox 797 3256 1165 3320">
    <p class='ocr_par' dir='ltr' id='par_1_12' title="bbox 797 3256 1165 3320">
     <span class='ocr_line' id='line_1_29' title="bbox 797 3256 1165 3320; baseline -0.003 -2"><span class='ocrx_word' id='word_1_230' title='bbox 797 3256 997 3319; x_wconf 59' lang='grc' dir='ltr'><em>Βωώῌ</em></span> <span class='ocrx_word' id='word_1_231' title='bbox 1075 3259 1165 3320; x_wconf 54' lang='lat' dir='ltr'><em>w&amp;</em></span> 
     </span>
    </p>
   </div>
   <div class='ocr_carea' id='block_1_5' title="bbox 149 3257 1163 3548">
    <p class='ocr_par' dir='ltr' id='par_1_13' title="bbox 149 3257 1165 3548">
     <span class='ocr_line' id='line_1_30' title="bbox 149 3257 1024 3404; baseline -0.002 -14"><span class='ocrx_word' id='word_1_232' title='bbox 149 3257 796 3404; x_wconf 56' lang='grc' dir='ltr'><em>ιἰιῖνιῖιαωωῖιλῖλεῖαι</em></span> <span class='ocrx_word' id='word_1_233' title='bbox 869 3341 902 3390; x_wconf 65' lang='grc' dir='ltr'><em>ι</em></span> <span class='ocrx_word' id='word_1_234' title='bbox 921 3335 971 3390; x_wconf 51' lang='grc' dir='ltr'><em>τι</em></span> <span class='ocrx_word' id='word_1_235' title='bbox 988 3329 1024 3390; x_wconf 43' lang='grc' dir='ltr'><em>τι</em></span> 
     </span>
     <span class='ocr_line' id='line_1_31' title="bbox 149 3401 1163 3548; baseline 0 -88"><span class='ocrx_word' id='word_1_236' title='bbox 149 3401 591 3548; x_wconf 44' lang='lat' dir='ltr'><em>{gagogzdgl&#39;cfflldslfflsffliffiogc&#39;</em></span> <span class='ocrx_word' id='word_1_237' title='bbox 615 3424 642 3477; x_wconf 88' lang='lat' dir='ltr'><em>p.</em></span> <span class='ocrx_word' id='word_1_238' title='bbox 662 3413 695 3464; x_wconf 80' lang='lat'><em>29</em></span> <span class='ocrx_word' id='word_1_239' title='bbox 712 3410 716 3477; x_wconf 94' lang='grc' dir='ltr'>Ι</span> <span class='ocrx_word' id='word_1_240' title='bbox 732 3401 828 3477; x_wconf 79' lang='grc' dir='ltr'><em>&lt;γ&gt;ἂρ</em></span> <span class='ocrx_word' id='word_1_241' title='bbox 847 3405 870 3459; x_wconf 95' lang='grc' dir='ltr'>Β</span> <span class='ocrx_word' id='word_1_242' title='bbox 892 3401 962 3477; x_wconf 53' lang='grc' dir='ltr'><em>παρξ</em></span> <span class='ocrx_word' id='word_1_243' title='bbox 981 3407 1006 3462; x_wconf 83' lang='lat' dir='ltr'>A</span> <span class='ocrx_word' id='word_1_244' title='bbox 1080 3413 1114 3462; x_wconf 74' lang='lat'><em>21</em></span> <span class='ocrx_word' id='word_1_245' title='bbox 1133 3423 1163 3461; x_wconf 83' lang='grc' dir='ltr'><em>τε</em></span> 
     </span>
    </p>
   </div>
   <div class='ocr_carea' id='block_1_6' title="bbox 0 0 1232 3916">
    <p class='ocr_par' dir='ltr' id='par_1_14' title="bbox 0 0 1232 3916">
     <span class='ocr_line' id='line_1_32' title="bbox 0 0 1232 3916; baseline 0 0"><span class='ocrx_word' id='word_1_246' title='bbox 0 0 1232 3916; x_wconf 95' lang='lat' dir='ltr'><em> </em></span> 
     </span>
    </p>
   </div>
  </div>
 </body>
</html>
