2454 3916
442 178 662 275 ‘-r-
1019 219 1086 286 283

65 378 195 466 λήλους
222 375 465 467 ἀναγκάζονται
494 384 588 462 δίκας
614 377 750 469 ὑπέχειν
777 381 866 471 λόγῳ
888 379 1085 469 κρινόμενοι

64 487 125 554 καὶ
148 485 251 576 νόμῳ.
296 487 425 556 τούτων
450 486 492 576 δὴ
515 492 584 557 τῶν
604 491 795 574 διαλλαγῶν
819 489 893 576 ἐμοὶ
912 487 974 575 μὲν
994 488 1125 555 δοκεῖ5

64 597 193 681 χρῆναι
215 589 274 672 τάς
296 590 557 681 εὐπρεπεστέρας
583 595 639 662 καί
662 594 973 682 μεγαλοψυχοτέρας
997 590 1087 680 ἡμᾶς

65 701 208 768 ἑλέσθαι
237 701 293 768 καί
320 698 459 788 γνώμην
486 701 614 770 θέσθαι
641 703 717 788 περὶ
744 699 889 790 μηδενὸς
915 698 1002 788 ἡμᾶς
1028 697 1085 767 ἀλ-

64 806 185 893 λήλοις
222 821 455 894 μνησικακεῖν,
492 806 535 877 σύ
572 805 603 875 δ’
634 813 666 876 εί
696 806 741 895 μὴ
777 807 893 895 βούλει
931 807 1112 881 διαλλάτ-ο

63 921 189 982 τεσθαι
220 917 343 982 τοῦτον
365 913 426 983 τὸν
453 912 595 1003 τρόπον,
629 907 656 982 ἀ
689 913 810 1000 Τύλλε,
834 912 918 982 ἀλλά
948 914 1005 982 καὶ
1034 917 1085 981 δι-

65 1018 170 1089 δόναι
195 1023 289 1099 δίκας
311 1021 367 1088 καὶ
388 1020 574 1109 λαμβάνειν
593 1018 699 1103 άξιοῖς
716 1020 796 1102 τοὺς
818 1022 855 1089 έν
873 1036 946 1103 ταῖς
964 1027 1086 1102 αίτίαις

64 1124 149 1211 παρ’
179 1119 350 1214 ἀλλήλων,
383 1129 509 1215 ἕτοιμοι
541 1129 596 1196 καί
627 1133 731 1197 ταῦτα
762 1142 872 1197 ποιεῖν
903 1134 989 1197 είσιν
1014 1126 1085 1196 Ἀλ-

64 1233 170 1319 βανοὶ
193 1231 234 1301 τά
256 1231 354 1302 κοινά
382 1239 466 1322 έχθη
489 1234 831 1324 προκαταλυσάμενοι.
877 1239 908 1302 εί
930 1236 971 1303 δέ
990 1261 1085 1314 τινας

65 1343 154 1426 ἔχεις
176 1339 266 1428 παρὰ
289 1340 410 1421 ταύτας
437 1343 548 1429 λέγειν
577 1341 689 1429 ἑτέρας
716 1350 781 1409 είτε
809 1345 967 1420 καλλίους
991 1343 1084 1409 διαλ-
1098 1372 1125 1413 ιο

65 1443 174 1531 λαγάς
200 1456 265 1515 είτε
294 1450 517 1536 δικαιοτέρας,
546 1446 607 1517 ούκ
639 1443 683 1516 ἀν
711 1446 862 1534 φθάνοις
893 1448 1009 1534 φέρων
1036 1451 1085 1526 είς

66 1554 175 1639 μέσον
197 1555 254 1622 καὶ
275 1554 405 1643 πολλήν
429 1574 483 1623 σοι
506 1554 605 1643 χάριν
628 1563 769 1642 είσομαι.

32 1680 65 1735 ιτ
159 1661 265 1728 VIIII.
301 1658 399 1730 Ταῦτ’
426 1661 580 1743 εἰπόντος
605 1665 667 1730 τοῦ
697 1667 909 1755 Φουφεττίου
935 1667 1083 1747 παραλα-

33 1761 37 1765 ’
64 1764 141 1854 βιόν
163 1764 223 1835 τὸν
245 1766 350 1852 λόγον
381 1764 399 1834 ὁ
423 1771 491 1835 τῶν
509 1765 682 1856 Ῥωμαίων
705 1766 863 1855 βασιλεύς
885 1769 985 1849 ἔλεξε·
1013 1767 1084 1835 Καὶ

42 1870 178 1960 ἡμεῖς,
211 1864 238 1939 ὦ
268 1874 469 1960 Φουφέττιε,
500 1879 641 1962 βαρεῖαν
678 1871 959 1962 ὑπελαμβάνομεν
995 1871 1083 1961 ἡμᾶς
1096 1901 1123 1944 15

63 1978 320 2066 καταλήψεσθαι
349 1978 548 2066 συμφοράν,
575 1985 608 2048 εί
639 1979 684 2049 δι’
710 1985 848 2069 αἵματος
874 1983 931 2050 καὶ
963 1980 1084 2068 φόνων

64 2083 363 2172 ἀναγκασθείημεν
399 2099 512 2170 κρῖναι
547 2085 609 2155 τὸν
646 2091 792 2175 συγγενῆ
811 2087 992 2183 πόλεμον,
1028 2089 1086 2156 καί

63 2190 134 2262 ὑπὸ
162 2196 230 2260 τῶν
258 2195 359 2278 ἱερῶν
387 2190 487 2261 ὁπότε
518 2191 559 2261 τδι
590 2196 798 2282 προπολέμια
828 2194 974 2283 θύοιμεν
1005 2196 1084 2264 ἐκω-

64 2298 222 2386 λυόμεθα
240 2297 356 2388 ἀρχειυ
375 2299 493 2387 μάχης·
516 2299 575 2380 τάς
597 2327 632 2369 τε
651 2299 864 2390 ἀπορρήτους
884 2304 1084 2388 Φιδηναίων

63 2406 123 2474 καί
144 2403 358 2475 Οὐιεντανῶν
382 2411 611 2495 συνωμοσίας,
634 2403 675 2488 δὶς
697 2405 748 2476 ἐπ’
775 2405 979 2495 ἀμφοτέροις
1001 2403 1083 2495 ἡμῖν
1097 2433 1124 2474 εο

64 2511 288 2600 συνώμοσαν,
325 2511 427 2606 ὀλίγῳ
464 2514 630 2604 πρότερον
663 2518 727 2583 σού
763 2513 961 2601 πεπύσμεθα
992 2513 1083 2602 παρὰ

63 2623 136 2688 τῶν
164 2621 296 2688 ἐκεῖθεν
329 2620 435 2700 ξένων
467 2623 522 2694 καί,
555 2619 617 2690 ούκ
649 2619 835 2707 ἀφύλακτοι
865 2619 949 2707 πρὸς
980 2617 1085 2701 αὐτάς

33 2780 39 2785 -
65 2727 184 2813 ἐσμεν,
217 2723 290 2795 ἀλλ’
321 2723 367 2807 ὡς
397 2735 523 2795 παθεῖν
554 2753 590 2795 τε
616 2718 728 2815 μηδὲν
761 2725 858 2798 αὐτοὶ
892 2725 997 2797 κακὸν
1027 2725 1084 2799 κά·

64 2837 201 2913 κείνους
240 2833 498 2922 τιμωρήσασθαι
538 2837 597 2921 τῆς
633 2836 813 2922 ἐπιβουλῆς
848 2833 948 2917 ἀξίως
983 2858 1084 2924 παρε-

65 2941 299 3028 σκευάσμεθα,
333 2937 394 3027 οὐχ
425 2931 527 3027 ἧττόν
564 2968 599 3009 τε
636 2945 699 3009 σοῦ
735 2940 989 3011 καταλύσασθαι
1020 2940 1082 3011 τὸν
1096 2964 1123 3006 κε

65 3046 215 3132 πόλεμον
243 3043 387 3134 ἀμαχητὶ
414 3050 542 3135 μᾶλλον
569 3043 590 3134 ἢ
619 3045 677 3115 διδι
704 3050 772 3115 τῶν
801 3045 915 3116 ὅπλων
944 3047 1082 3135 έβουλό-

65 3161 164 3241 μεθα.
223 3151 380 3240 πρότεροι
418 3153 456 3221 δὲ
491 3153 738 3242 πρεσβεύεσθαι
778 3155 854 3242 περὶ
890 3153 1118 3241 διαλλαγῶν2

138 3374 154 3422 6
174 3367 275 3422 τοῦτον
295 3380 349 3423 om.
363 3367 409 3422 Ba
477 3372 493 3421 7
512 3372 574 3431 ταῖς
592 3368 646 3423 del.
661 3366 800 3422 Bsicheler
869 3371 903 3421 14
921 3361 937 3420 δ
956 3363 1084 3435 βωμύλος

59 3489 209 3562 τῶνβΒ
284 3497 317 3547 19
338 3469 539 3562 ιβόδηναίωνΒ
612 3499 647 3548 20
666 3485 700 3554 ἃς
718 3505 773 3545 om.
792 3488 866 3545 Ba·
