2454 3916
110 239 130 304 8
533 242 699 293 -ι-

197 400 236 466 V.
281 397 410 477 Ταύτας
438 397 480 483 δή
508 399 567 478 τὰς
590 399 855 485 πεπλανημένας,
883 397 992 487 ῶσπερ
1022 404 1121 486 ἔφην,

108 501 292 592 ὑπολήψεις
319 505 490 585 ἐξελέσθαι
517 509 576 591 τής
604 508 758 584 διανοίας
784 509 853 572 τῶν
878 510 1013 574 πολλῶν
1040 531 1119 591 προ-

109 611 309 699 αιρούμενος
334 612 391 679 καὶ
420 609 740 680 ἀντικατασκευάσαι
770 609 829 691 τάς
859 608 1012 697 άληθείς,
1045 614 1120 696 περὶ

109 718 171 804 μὲν
193 722 261 786 τῶν
280 717 482 786 οἰκισάντων
504 718 566 805 τήν
584 718 693 804 πόλιν,
713 721 834 797 οἵτινες
851 709 940 804 ἦσαν
963 718 1018 785 καί
1036 714 1119 784 κατά

81 829 202 904 ττίνας
224 825 357 892 ἕκαστοι
378 823 519 912 καιρούς
541 828 716 911 συνήλθον
739 825 794 891 καλ
818 829 884 891 τίσι
905 824 1020 910 τύχαις
1042 848 1120 910 χρη-

110 930 250 1017 σάμενοι
281 929 341 1010 τάς
373 936 534 1016 πατρίους
566 930 710 1017 οἰκήσεις
746 931 911 1015 ἐξέλιπον,
949 934 985 999 ἐν
1016 928 1120 1017 ταύτη

109 1035 249 1122 δηλῶσω
273 1041 313 1124 τή
336 1040 466 1125 γραφή,
495 1035 541 1103 δι’
566 1029 607 1122 ής
622 1035 788 1121 Ἕλληνάς
813 1063 847 1104 τε
875 1035 999 1116 αὐτούς
1020 1034 1121 1116 όντας
1139 1054 1178 1103 15

108 1144 285 1224 ἐπιδείξειν
311 1140 539 1230 ὑπισχνοῦμαι
565 1143 622 1211 καὶ
651 1141 713 1211 ούκ
741 1145 776 1210 ἐκ
803 1147 871 1212 τῶν
895 1146 1075 1231 ἐλαχίστων
1099 1139 1120 1229 ἢ

68 1249 89 1312 2
109 1248 329 1336 φαυλοτάτων
348 1252 462 1317 ἐθνῶν
484 1249 764 1335 συνεληλυθότας.
805 1250 881 1338 περὶ
900 1250 938 1318 δὲ
955 1254 1022 1318 τῶν
1041 1248 1122 1336 πρά-

69 1379 94 1420 10
109 1357 209 1441 ξεων,
232 1351 272 1435 άς
294 1354 374 1443 μετά
397 1353 457 1423 τόν
481 1355 635 1443 οίκισμδν
661 1354 789 1435 εὐθέως
811 1355 1042 1440 ἀπεδείξαντο,
1065 1355 1122 1423 καὶ

108 1463 274 1551 περὶτῶν
298 1455 583 1549 ἐπιτηδευμάτων,
613 1464 646 1543 ἐξ
670 1455 719 1530 ῶν
743 1467 791 1543 είς
813 1461 979 1549 τοσαύτην
1002 1459 1121 1547 ἡγεμο-

107 1573 187 1637 νίαν
210 1572 388 1655 προῆλθον
411 1572 446 1637 οί
467 1567 535 1655 μετ’
562 1567 697 1653 αύτούς,
721 1565 785 1637 άπὸ
809 1572 868 1654 τῆς
891 1566 972 1655 μετά
994 1567 1121 1652 ταύτην

108 1672 293 1761 άρξάμενος
329 1673 528 1764 ἀναγραφῆς
565 1672 796 1762 ἀφηγήσομαι,
833 1675 1031 1764 παραλιπῶν
1065 1671 1123 1741 ού-

109 1780 167 1848 δὲν
197 1779 259 1867 όση
288 1806 345 1868 μοι
374 1781 517 1868 δύναμις
543 1785 612 1850 τῶν
642 1779 747 1862 άξίων
775 1784 937 1866 ἱστορίας,
965 1785 1022 1849 ἵνα
1051 1794 1124 1860 τοϊς

68 1911 93 1951 15
107 1911 145 1973 γε
164 1890 314 1973 μαθοῦσι
332 1885 396 1973 τήν
415 1885 581 1974 άλήθειαν
599 1884 621 1955 ά
641 1886 802 1974 προσήκει
819 1887 894 1974 περὶ
912 1891 971 1973 τής
993 1886 1122 1966 πόλεως

106 1996 207 2079 τήσδε
229 1997 380 2082 παραστῇ
399 2006 554 2080 φρονεῖν,
573 1998 605 2061 εί
626 1992 670 2081 μή
690 1994 902 2062 παντάπασιν
919 1991 1043 2082 ἀγρίως
1065 1993 1123 2060 καὶ

108 2103 282 2186 δυσμενῶς
305 2100 490 2169 διάκεινται
514 2099 598 2188 πρὸς
621 2098 743 2187 αὑτήν,
768 2102 824 2167 καὶ
847 2099 928 2187 μήτε
951 2099 1121 2187 άχθεσθαι

100 2209 146 2299 τή
170 2203 327 2288 ὑποτάξει
349 2205 432 2274 κατά
455 2206 492 2274 τὸ
517 2205 608 2286 εἰκὸς
629 2208 793 2295 γενομένη
818 2205 966 2296 (φύσεως
989 2207 1052 2294 γάρ
1076 2206 1121 2294 δή

106 2311 212 2400 νόμος
233 2311 337 2380 άπασι
359 2312 484 2399 κοινός,
509 2310 550 2381 ὃν
574 2310 685 2392 οὐδεὶς
707 2312 885 2380 καταλύσει
907 2312 1039 2401 χρόνος,
1063 2311 1123 2400 άρ·

67 2443 95 2483 ιο
107 2445 179 2507 χειν
204 2418 255 2488 άεί
278 2424 345 2488 τῶν
363 2417 516 2507 ἡττόνων
543 2419 621 2499 τοὺς
647 2419 851 2509 κρείττονας)
879 2419 961 2507 μήτε
982 2446 1123 2505 κατηγο·

107 2539 180 2614 ρείν
203 2530 261 2614 τής
282 2526 400 2613 τύχης,
428 2523 473 2607 ῶς
500 2524 562 2595 ούκ
590 2528 764 2616 έπιτηδείφ
796 2525 891 2594 πόλει
918 2525 1122 2612 τηλικαύτην

106 2629 290 2718 ἡγεμονίαν
312 2633 368 2700 καὶ
391 2635 555 2701 τοσοῦτον
579 2631 644 2719 ήδη
673 2633 799 2720 χρόνον
827 2646 949 2718 προῖκα
972 2637 1123 2721 δωρησα-

72 2735 222 2825 3μένης·
255 2742 408 2824 μαθοῦσί
428 2766 466 2824 γε
490 2737 531 2826 δή
555 2738 644 2827 παρά
662 2732 720 2824 τής
745 2741 902 2827 ἱστορίας,
926 2740 977 2808 ότι
1000 2744 1123 2825 μυρίας

106 2842 249 2931 ήνεγκεν
271 2842 410 2934 άνδρῶν
434 2843 553 2934 άρετάς
576 2842 683 2925 εὐθὺς
704 2848 737 2927 ἐξ
760 2843 864 2933 άρχῆς
887 2844 967 2933 μετά
989 2844 1050 2914 τὸν
1074 2850 1123 2912 οί-

178 3073 409 3162 λ<πολλῶν>Β
450 3076 571 3130 πολιτῶν
591 3076 617 3129 R
707 3071 959 3163 4οίιησάντωνΒ
1038 3077 1123 3130 λοολ

106 3163 135 3199 τε
156 3144 307 3201 delendum
326 3151 376 3202 aut
389 3141 524 3214 Ελληνάς
532 3164 574 3270 ἐγε
594 3148 687 3201 κοτε.
703 3151 719 3198 8
739 3145 787 3200 καὶ
807 3142 870 3200 οὐδ’
892 3143 924 3202 ἐκ
944 3146 1123 3201 scribendum

106 3231 167 3270 esse
187 3221 282 3272 censet
300 3216 404 3272 Reiske
477 3222 511 3270 10
532 3213 752 3283 ἐπεδείξαντοΒ
826 3223 860 3271 15
879 3225 936 3280 τοῖς
954 3237 985 3287 γε
1001 3217 1121 3302 Rits0h1‚

105 3287 217 3358 Kruger
242 3287 329 3344 Index
355 3306 395 3358 gr.
424 3291 559 3356 gr.1877
587 3305 615 3378 ρ
639 3293 691 3342 250
739 3293 797 3350 τοῖς
824 3288 966 3375 Kiessling
1005 3284 1069 3344 τότε
1098 3260 1122 3340 0'

143 3365 175 3415 16
194 3356 358 3414 παντάπασι
377 3358 422 3413 Ba,
523 3364 555 3413 18
579 3378 620 3413 υπ
643 3356 735 3428 οτά>ξ
721 3359 804 3423 ξειΒ
849 3355 970 3448 ὑπάρξει
988 3362 1048 3426 Aa,
1073 3358 1123 3412 sed

105 3424 242 3497 ὑποτάξει
261 3433 334 3500 Amg
353 3430 417 3484 ead.
423 3445 497 3484 man.
570 3437 605 3486 20
624 3430 708 3485 υελ”
689 3432 758 3493 τούς
776 3432 832 3486 τῶν
855 3450 981 3498 ηττονων
1000 3431 1123 3501 κρείττο·

105 3521 157 3562 νας
176 3501 229 3571 Ba,
249 3517 318 3557 corr.
338 3500 387 3554 Bb
