2454 3916
481 242 646 295 ,Β-

59 406 189 495 μάλλον
212 397 233 488 ἢ
249 398 425 488 Ῥωμαίοις
447 397 626 488 ἁρμόττειν
644 397 896 489 ὑπελάμβανον·
914 397 1073 489 Ῥωμαῖοι
1091 402 1112 466 3

59 508 96 577 δέ
125 506 228 576 οῦδὲν
256 498 357 594 ἦττον
385 505 469 575 ἀλλά
500 509 556 576 καὶ
584 511 714 594 μᾶλλον
742 512 810 576 των
834 513 997 594 Σαβίνων
1026 513 1073 586 είς

57 612 186 702 πολλὴν
209 612 355 702 ἀπορίαν
379 616 555 684 ἐνέπιπτον
579 612 648 684 ὅτι
671 614 853 702 χρήσαιντο
875 628 947 694 τοῖς
967 612 1072 701 πράγ-

58 738 170 808 μασιν.
226 719 303 788 οῦτε
334 718 398 808 γὰρ
431 719 635 789 ἀποδιδόναι
666 717 725 800 τάς
756 734 918 807 γυναῖκας
952 718 1071 806 ἠξίουν

58 826 135 896 ούτε
157 829 321 914 κατέχειν·
348 831 394 919 τῷ
418 826 480 915 μὲν
503 819 607 914 ἧτταν
631 829 908 916 ομολογουμένην
931 825 1072 896 ἀκολου·
1099 851 1112 894 ε

56 943 136 1002 θεῖν
170 933 321 1020 οίόμενοι
353 935 409 1002 καὶ
441 932 627 1021 ἀναγκαῖόν
660 953 778 1021 σφισιν
811 934 974 1023 ἐσόμενον
1004 938 1072 1002 πῦν

59 1038 78 1107 6
101 1066 134 1109 τι
161 1035 205 1108 ἀν
233 1038 315 1108 ἀλλο
346 1041 571 1128 ἐπιταχθῶσιν
599 1038 797 1130 ὑπομένειν,
824 1044 870 1132 τῷ
901 1041 938 1109 δέ
965 1038 1072 1108 πολλὰ

56 1148 113 1215 καὶ
138 1144 233 1214 δεινὰ
253 1149 380 1215 ἐπιδεῖν
399 1174 510 1234 χωρας
525 1173 562 1216 τε
579 1149 821 1237 πορθουμένης
839 1148 896 1216 καὶ
916 1146 1074 1233 νεότητος

57 1257 117 1340 τῆς
143 1260 321 1341 κρατίστης
348 1252 594 1342 ἀπολλυμένης·
626 1256 704 1344 περὶ
734 1261 849 1343 φιλίας
879 1281 915 1323 τε
942 1259 974 1322 εί
1001 1257 1073 1323 δια-

56 1352 210 1446 λέγοιντο
237 1358 322 1450 πρδς
348 1359 427 1440 τοῦς
454 1365 641 1447 Σαβίνους,
670 1359 811 1441 ούδενὸς
833 1358 1072 1448 ὑπελάμβανον
1086 1385 1113 1425 ιο

57 1466 236 1548 τεύξεσθαι
272 1472 341 1537 τῶν
378 1473 522 1556 μετρίων
561 1466 618 1537 διὰ
650 1465 757 1537 πολλὰ
794 1466 856 1554 μὲν
888 1467 947 1534 καί
976 1464 1073 1552 ἀλλα,

58 1572 202 1661 μάλιστα
231 1573 262 1641 δ’
289 1572 340 1643 ὅτι
363 1589 435 1655 ταῖς
458 1573 657 1654 αὐθαδείαις
680 1572 721 1642 ού
748 1571 922 1662 μετριότης
944 1578 1073 1660 γίνεται

10 1679 146 1768 τεοπρδς
168 1679 206 1750 τὸ
237 1679 422 1750 ἀντίπαλον
456 1684 495 1749 ἐπ
497 1682 509 1749 ὶ
471 1687 718 1769 πθεραπείας
746 1678 959 1770 τραπόμενον
988 1677 1073 1747 ἀλλά

56 1785 213 1873 βαρύτης

146 1892 399 1962 XXXXV.'I611
428 1921 453 1986 φ
440 1886 566 1964 δέ’
547 1867 732 1983 αμφότεροι
759 1898 864 1963 ταῦτα
887 1891 1072 1980 διαλογιζό-
1088 1915 1112 1958 ιε

57 2025 155 2087 μενοι
186 2001 243 2068 καὶ
276 1998 352 2068 οῦτε
384 2000 492 2089 μύχης
523 2001 639 2089 ἀρχειν
671 2005 858 2090 τολμῶντες
889 1999 965 2070 οὔτε
996 2001 1073 2087 περὶ

57 2112 173 2194 φιλίας
200 2106 435 2194 διαλεγόμενοι
461 2117 642 2196 παρεῖλκον
674 2108 735 2178 τὸν
763 2107 905 2196 χρόνον,
937 2111 975 2174 αί
994 2104 1073 2174 Ρω-

57 2218 168 2301 μαίων
198 2228 355 2299 γυναῖκες
378 2213 455 2284 ὅσαι
481 2220 544 2285 τοῦ
571 2221 734 2302 Σαβίνων
764 2215 950 2301 ἐτύγχανον
974 2204 1073 2281 οὖσαι

57 2322 195 2406 γένους,
227 2318 274 2388 δι’
300 2316 339 2400 ἀς
366 2319 384 2389 6
413 2321 558 2410 πόλεμος
588 2322 812 2409 συνειστήκει,
842 2323 1073 2388 συνελθοῦσαι

58 2430 136 2514 δίχα
162 2430 231 2495 νῦν
261 2424 399 2517 ἀνδρῶν
427 2433 475 2509 είς
504 2432 542 2497 ἓν
569 2433 695 2518 χωρίον
722 2428 779 2495 καὶ
806 2425 911 2512 λόγον
940 2425 1113 2506 ἕαυταῖςεο

59 2536 182 2602 δοῦσαι
204 2535 343 2622 γνώμην
372 2535 573 2623 ἐποιήσαντο
602 2539 840 2623 συμβατηρίων
868 2531 966 2622 ἀρξαι
988 2532 1073 2621 πρὸς

57 2639 271 2728 ἀμφοτέρους
298 2640 396 2712 αῦταὶ
423 2642 545 2730 λόγων.
590 2640 674 2730 ἡδὲ
700 2645 801 2711 τοῦτο
826 2637 1112 2728 είσηγησαμένη2

57 2744 96 2816 τὸ
129 2745 301 2834 βούλευμα
337 2762 409 2828 ταῖς
444 2749 599 2836 γυναιξὶν
626 2746 778 2836 Ἑρσιλία
815 2747 876 2835 μέν
913 2750 1072 2835 ἐκαλεῖτο,

58 2856 180 2940 γένους
204 2852 235 2920 δ’
253 2851 315 2923 οῦκ
338 2853 492 2941 ἀφανοῦς
510 2847 554 2942 ἦν
573 2857 611 2924 έν
631 2859 803 2940 Σαβίνοις.
844 2853 970 2941 ταύτην
986 2853 1017 2922 δ’
1040 2859 1076 2924 οί

59 2962 121 3047 μέν
141 2979 225 3047 φασι
245 2963 479 3048 γεγαμημένην
502 2960 568 3048 ἤδη
588 2959 652 3029 σὺν
671 2975 744 3041 ταῖς
762 2960 879 3042 ἀλλαις
897 2958 1072 3048 ἀρπασθῆ-
1086 2981 1113 3023 25

131 3151 238 3210 2ἀλλά
257 3157 307 3211 καὶ
330 3157 435 3225 μᾶλλον
457 3157 511 3212 del
536 3157 636 3212 Garrer
659 3157 725 3213 obs.
747 3176 774 3227 p
794 3163 829 3212 34
901 3162 918 3212 ὁ
941 3155 1072 3244 κατέχειν

60 3221 200 3282 ἐδύναντο
216 3244 239 3281 ο.
250 3228 360 3297 Reiske,
365 3226 506 3315 κατέχειν
521 3225 642 3316 εἶχονο.
651 3226 815 3286 CobetObs.
829 3247 856 3298 p.
872 3235 906 3284 48
958 3235 991 3283 10
1006 3225 1073 3290 τοῦς

60 3298 157 3351 Bom.
176 3299 202 3352 R
284 3305 317 3353 12
337 3270 499 3425 αύθαδείας
519 3295 707 3384 ευτυχούσαις
731 3317 753 3355 ο.
772 3300 875 3355 Reiske
901 3302 905 3368 Ι
932 3293 1072 3367 ἐγγίνεται
1161 3304 1163 3309 “

59 3385 82 3423 c.
103 3367 194 3424 Cobet
217 3368 332 3439 Obs.p.
454 3377 498 3425 18
517 3363 624 3426 ῦσαιΒ
648 3369 679 3424 αἳ
696 3372 722 3425 R
801 3376 834 3425 19
854 3369 1072 3436 συνειστήκειΒ

59 3435 184 3508 είστήκει
202 3441 228 3494 R
303 3388 337 3496 22
357 3431 485 3496 αῦταιΒ
509 3458 563 3496 om.
582 3443 608 3496 R
635 3437 722 3496 αῦταλ
739 3441 895 3497 Ambrosch
974 3444 1008 3493 23
1029 3433 1072 3510 ἐρ-

60 3512 137 3565 σιλῖα
152 3511 179 3563 A
199 3507 321 3580 ἕρσιλεία
339 3513 362 3566 Β
381 3511 449 3567 et
428 3530 468 3568 ειο
486 3529 597 3582 semper
