2454 3916
526 228 691 280 -A-
1073 225 1117 291 83

101 412 152 477 μμ
184 387 242 455 καί
273 389 425 476 Αἰγέστῳ
457 387 722 473 προεξελθοῦσιν
754 386 791 453 έκ
821 389 881 472 τῆς
911 392 1052 475 Τροίας,
1085 392 1121 456 ολ

46 493 206 581 ισυτύχης
236 519 273 561 τε
301 494 358 561 καλ
388 490 577 579 πνεύματος
608 488 729 578 οὐρίου
760 490 944 579 λαβόμενοι
965 494 1022 561 καὶ
1049 491 1117 581 άμα

99 598 140 668 ού
175 602 284 687 πολλῇ
320 597 491 687 ἀποσκευῇ
530 595 760 686 βαρυνόμενοι
798 595 848 664 δι’
888 595 1007 683 ὀλίγον
1041 626 1116 669 κατ-

97 706 256 794 ήχθησαν
284 709 332 785 είς
354 709 515 773 Σικελίαν
543 705 599 772 καλ
621 702 759 796 ᾤκησαν
780 705 858 791 περὶ
880 704 1032 792 ποταμὸν
1058 733 1116 774 κα-

97 812 268 900 λούμενον
291 810 463 899 Κριμισὸν
485 813 523 879 ἐν
545 814 588 898 γῇ
612 813 788 895 Σικανῶν,
811 808 895 900 πρὸς
917 817 1035 899 φιλίαν
1059 820 1142 880 λα-5

97 919 218 1006 βόντες
239 918 317 1007 παρ’
347 916 459 986 αύτῶν
481 915 520 985 τὸ
543 916 670 1006 χωρίον
694 915 750 984 διά
768 915 832 1005 τὴν
845 920 1014 1003 Αἰγέστου
1037 939 1116 1007 συγ-

97 1029 233 1113 γένειαν
256 1028 444 1113 γενομένου
465 1051 501 1093 τε
524 1025 580 1092 καὶ
602 1026 788 1111 τραφέντος
810 1026 847 1092 έν
871 1030 1012 1116 Σικελίᾳ
1032 1025 1116 1095 κατὰ

77 1132 234 1202 -τοιόνδε
257 1159 289 1200 τι
306 1131 426 1212 πάθος.
456 1135 526 1200 τῶν
538 1130 721 1218 προγόνων
743 1128 850 1200 αύτοῦ
872 1158 923 1212 τις
944 1130 1033 1222 ἀνὴρ
1047 1135 1157 1202 ἐπι-2

98 1239 210 1328 φανὴς
240 1242 276 1308 έκ
304 1243 366 1308 τοῦ
393 1242 545 1326 Τρωικοῦ
574 1239 696 1324 γένους
727 1234 777 1306 ῶν
800 1242 1013 1327 Λαομέδοντι
1044 1241 1115 1309 διά-

98 1373 206 1436 φορος
227 1351 367 1432 γίνεται,
388 1347 446 1414 καὶ
468 1343 573 1414 αύτὸν
588 1342 606 1413 ὁ
621 1343 779 1431 βασιλεύς
801 1343 849 1415 ἐπ’
876 1350 966 1436 αίτίηι
989 1345 1032 1433 δή
1045 1374 1114 1416 τινι
1129 1366 1157 1408 10

97 1451 214 1540 λαβῶν
241 1457 364 1521 κτείνει
390 1453 446 1520 καὶ
473 1455 572 1538 γένος
599 1449 705 1520 αὐτοῦ
731 1449 770 1520 τὸ
793 1449 898 1539 άρρεν
921 1449 1027 1538 άπαν,
1049 1451 1114 1524 ὑπὸ

99 1563 198 1640 δέους
216 1558 262 1647 μή
280 1586 313 1627 τι
333 1556 418 1645 πρὸς
436 1555 548 1627 αὐτῶν
566 1557 675 1646 πάθη·
692 1556 752 1638 τάς
771 1557 809 1626 δὲ
826 1559 1016 1647 θυγατέρας
1032 1583 1116 1648 παρ-

97 1669 226 1746 θένους
256 1671 304 1735 έτι
332 1664 436 1745 ούσας
462 1664 656 1734 ἀποκτεῖναι
684 1664 746 1753 μὲν
770 1663 832 1734 ούκ
860 1662 1020 1753 εὐπρεπὲς
1041 1665 1116 1736 ένό·

98 1795 189 1862 μισε,
223 1774 333 1861 Τρωσὶ
361 1772 399 1841 δὲ
423 1772 647 1853 συνοικούσας
673 1775 837 1860 περιιδεῖν
867 1769 929 1840 οὐκ
955 1770 1114 1861 ἀσφαλές,

97 1884 221 1948 δίδωσι
253 1878 289 1946 δ’
319 1877 422 1958 αύτάς
454 1878 614 1967 ἐμπόροις
645 1875 690 1959 ῶς
721 1877 925 1965 προσωτάτω
956 1879 1115 1961 κελεύσας
1129 1898 1155 1942 ιε

96 1985 250 2073 ἀπάγειν.
293 1985 429 2065 ταύταις
460 1983 639 2065 ἀπιούσαις
671 1993 851 2054 συνεκπλεῖ
876 1985 1050 2074 μειράκιόν
1082 1989 1154 2056 τι3

95 2098 163 2162 τῶν
187 2095 364 2181 ἐπιφανῶν
386 2091 618 2179 κρατούμενον
642 2096 741 2179 έρωτι
762 2096 821 2178 τῆς
843 2093 957 2179 ἑτέρας
977 2094 1034 2161 καλ
1056 2120 1115 2180 γα·

48 2209 157 2288 133μεῖ
178 2196 242 2284 τὴν
260 2202 442 2285 παιδίσκην
465 2196 629 2285 ἀχθεῖσαν
650 2202 698 2278 είς
711 2204 885 2284 Σικελίαν,
906 2200 963 2267 καὶ
984 2205 1114 2285 γίνεται

92 2304 212 2384 αύτοῖς
238 2319 316 2384 παῖς
344 2307 381 2374 ἐν
404 2312 560 2384 Σικελοῖς
589 2308 823 2392 διατρίβουσιν
846 2311 1008 2390 Αἴγεστος
1036 2304 1113 2375 όνο-

91 2435 158 2501 μα·
192 2408 231 2491 ὃς
258 2410 329 2498 η’θη
356 2412 413 2479 καὶ
440 2415 596 2498 γλῶσσαν
623 2414 693 2480 τῶν
726 2411 913 2497 ἐπιχωρίων
943 2411 1113 2499 έκμαθῶν,
1127 2443 1154 2485 ω

90 2517 210 2606 ἐπειδὴ
242 2516 322 2598 τούς
351 2531 464 2605 γονεῖς
496 2516 586 2610 αύτῷ
618 2521 813 2604 τελευτῆσαι
841 2519 987 2604 συνέβη,
1019 2524 1113 2605 βασι-

88 2626 255 2705 λεύοντος
282 2627 320 2694 έν
347 2629 451 2715 Τροίᾳ
475 2624 635 2713 Πριάμου
661 2623 817 2694 κάθοδον
844 2621 936 2715 αύτῷ
965 2628 1114 2714 δοθῆναι

93 2731 342 2821 διαπράττεται,
355 2731 411 2800 καὶ
434 2733 675 2818 συνδιενέγκας
693 2729 754 2800 τὸν
772 2729 857 2818 πρὸς
874 2728 1114 2819 τοὺςἏχαιούς

90 2841 244 2927 πόλεμον
274 2835 496 2926 ἁλισκομένης
525 2842 583 2923 τῆς
612 2837 740 2917 πόλεως
769 2833 906 2906 ἀπέπλει
933 2838 1035 2908 πάλιν
1065 2845 1113 2921 είς

93 2950 258 3016 Σικελίαν
283 2943 347 3013 σὺν
367 2943 497 3037 Ἐλύμῳ
511 2943 738 3032 ποιησάμενος
759 2942 821 3032 την
836 2945 949 3034 φυγὴν
973 2947 1009 3014 έν
1023 2948 1112 3035 τρισὶ
1125 2973 1153 3016 ω

169 3149 184 3197 1
206 3137 310 3211 έγέστω
328 3141 374 3195 Ba
445 3135 618 3210 δκριμησδν
635 3141 685 3267 B}
709 3135 741 3195 έν
759 3140 792 3212 τῇ
812 3142 946 3197 Σικανῶν
965 3159 987 3197 ο.
1006 3140 1112 3197 Meutz-

96 3229 146 3269 ωοτ
164 3215 236 3268 Δωω.
260 3213 329 3281 phil.
353 3217 422 3267 1877
450 3229 479 3281 p.
499 3217 550 3267 826
633 3218 649 3267 6
687 3208 789 3281 γέστον
808 3211 853 3267 Βιι
933 3219 995 3268 8τι
1013 3229 1068 3268 om.
1086 3212 1112 3265 A

134 3289 167 3339 12
186 3279 237 3346 τάς
255 3281 288 3338 δὲ
307 3278 361 3338 δύο
378 3281 542 3353 θυγατέρας
556 3299 579 3337 ο.
595 3282 706 3354 Sauppe
724 3283 797 3372 Eph.
812 3281 889 3340 Gott.
911 3290 978 3339 1861
997 3300 1023 3351 p.
1041 3289 1110 3337 1861

101 3361 133 3410 16
151 3351 298 3417 ἐπιούσαις
316 3354 362 3408 Ba
391 3355 396 3423 Ι
424 3353 602 3409 συνέκλειΒ
680 3359 712 3408 17
742 3355 856 3423 εταίρας
874 3356 920 3409 Ba
997 3358 1030 3407 19
1050 3350 1111 3422 ἔγε-

102 3442 162 3488 ττος
178 3427 223 3481 Βιι
294 3431 329 3481 20
347 3422 404 3494 έθη
421 3425 551 3480 ΗεελΙεὶω
569 3427 686 3482 Hermos
700 3423 727 3477 X
744 3442 772 3494 p.
783 3429 836 3480 408
908 3430 942 3480 22
966 3417 1043 3477 αύτῶ
1058 3423 1110 3478 ΑΒ

136 3502 169 3552 23
186 3493 253 3560 τούς
271 3497 368 3552 om.B
440 3501 474 3552 25
492 3496 582 3567 τρισλν
600 3499 626 3552 A

912 3580 949 3638 6*
