2454 3916
137 238 203 303 342
560 239 726 290 -Γ-

138 397 176 466 δέ
200 402 307 476 αἰτίας
328 394 456 487 [όλίγφ]
476 393 619 484 ύστερον
643 397 734 487 ἐρῶ),
757 395 935 484 δεξάμενοι
957 395 995 464 τδ
1021 394 1161 483 συμβὰν

138 501 316 590 ἀγαπητῶς
343 501 454 590 ὅρκων
484 503 547 591 μὲν
576 505 714 570 ἐκείνων
745 505 801 571 καὶ
824 507 1010 590 συνθηκῶν
1040 500 1210 589 ῶσπερῖωο

140 608 221 678 ούδὲ
243 613 478 698 γεγενημένων
503 609 727 696 ἐπελάθοντο,
750 609 870 698 καιρὸν
896 611 933 678 δὲ
955 615 1161 697 νομίσαντες

138 716 330 803 ἐπιτήδειον
349 723 437 804 ἐχειν
455 708 504 786 ῶν
523 719 673 799 ἐξέτισαν
687 716 862 805 Ῥωμαίοις
879 717 1060 806 χρημάτων
1077 724 1160 785 πολ·

112 823 308 892 ολαπλάσια
330 821 407 912 παρ’
434 821 546 892 αύτῶν
569 821 769 910 ἀπολαβεῖν,
793 821 902 910 ὀλίγοι
925 822 988 910 μὲν
1009 820 1049 892 τὸ
1067 826 1159 910 πρῶ-

100 924 121 988 2
140 956 200 998 τον
219 931 274 997 καὶ
293 927 433 1016 ἀφανῶς
451 930 596 1011 ἐξιόντες
614 932 782 1016 ἐληίζοντο
797 929 860 1017 τὴν
879 927 1021 1015 ὅμορον·
1045 934 1160 997 ἔπειτα

141 1035 180 1103 δὲ
211 1036 330 1103 πολλοὶ
362 1035 537 1116 συνιόντες
568 1037 624 1103 καὶ
655 1038 690 1104 ἐκ
718 1040 780 1104 τού
812 1039 980 1123 φανεροῦ,
1013 1036 1085 1103 ἐπεὶ
1117 1034 1158 1104 τά

139 1145 254 1229 πρῶτα
281 1141 364 1211 κατά
397 1141 536 1229 γνώμην
569 1140 684 1223 αύτοίς
716 1142 885 1231 ἐχώρησεν
916 1139 1077 1229 οὐδεμιᾶς
1106 1143 1160 1211 ἐπὶ

139 1248 202 1338 τὴν
239 1247 395 1336 φυλακὴν
436 1252 505 1318 τῶν
546 1253 705 1336 γεωργῶν
742 1248 949 1337 ἀφικομένης
983 1254 1159 1336 βοηθείας,

100 1373 127 1445 19
140 1355 457 1444 καταφρονήσαντες
478 1360 547 1424 τῶν
570 1360 740 1442 πολεμίων
765 1353 814 1424 ἐπ’
832 1354 937 1442 αύτὴν
957 1359 1158 1425 διενοοῦντο

140 1461 203 1550 τὴν
221 1461 353 1551 Ῥῶμην
377 1463 533 1532 ἐλαύνειν
560 1463 616 1530 καὶ
640 1466 792 1550 συνῆγον
820 1464 853 1545 ἐξ
876 1460 1008 1548 ἀπάσης
1029 1462 1161 1543 πόλεως

142 1570 297 1658 στρατόν,
321 1570 514 1655 διελέγοντο
538 1568 575 1635 δέ
598 1570 654 1636 καὶ
677 1583 750 1649 ταῖς
768 1574 926 1637 Λατίνων
945 1567 1063 1636 πόλεσι
1082 1568 1160 1655 περὶ

101 1683 122 1748 3
142 1681 337 1765 συμμαχίας.
380 1674 420 1745 ού
439 1675 506 1764 μὴν
530 1676 696 1761 ἐξεγένετό
715 1681 753 1762 γε
771 1675 888 1755 αὐτοῖς
909 1682 1028 1762 φιλίαν
1048 1677 1160 1744 τεκαὶ

142 1781 323 1869 ὁμαιχμίαν
355 1781 564 1869 ποιήσασθαι
600 1780 684 1870 πρὸς
714 1781 752 1850 τὸ
786 1787 902 1862 ἐθνος·
939 1779 1062 1868 μαθῶν
1096 1780 1160 1871 γάρ

101 1903 128 1944 1⁵
141 1887 203 1975 τὴν
228 1887 385 1956 διάνοιαν
409 1887 520 1957 αύτῶν
545 1886 562 1956 ὁ
586 1887 714 1968 Τύλλος
737 1884 861 1975 άνοχάς
883 1886 968 1976 πρὸς
989 1893 1162 1969 Λατίνους

142 1993 369 2080 ποιησάμενος
397 1997 449 2064 ἐπὶ
476 1995 618 2075 τούτους
646 2001 733 2082 ἐγνω
762 1992 906 2082 στρατὸν
935 1995 1067 2081 ἐξάγειν
1097 1995 1162 2083 τήν

140 2126 177 2168 τε
199 2097 372 2188 Ῥωμαίων
400 2100 534 2170 ἅπασαν
563 2100 711 2189 δύναμιν
740 2108 949 2182 καθοπλίσας
976 2105 1161 2171 διπλασίαν

143 2197 251 2280 οὖσαν
274 2205 340 2295 ἤδη
363 2211 421 2295 τῆς
442 2207 623 2296 πρότερον,
647 2209 681 2289 ἐξ
709 2198 751 2275 οὗ
778 2205 841 2295 τὴν
860 2205 1033 2294 Ἀλβανῶν
1056 2208 1161 2278 πόλιν

142 2317 343 2401 προσέλαβε,
370 2315 426 2382 καὶ
450 2312 514 2382 άπὸ
541 2319 612 2382 τῶν
639 2312 752 2383 άλλων
783 2315 967 2401 συμμάχων
990 2317 1162 2404 ἐπικουρι-

102 2471 129 2512 ,0
142 2419 204 2489 κὸν
240 2419 323 2501 ὅσον
358 2429 515 2490 πλείστου
548 2420 690 2489 ἐδύνατο
723 2420 1027 2510 μεταπεμψάμενος.
1079 2442 1162 2491 σνν-

142 2531 222 2613 ῆκτο
257 2527 295 2594 δὲ
326 2529 382 2595 καὶ
414 2541 485 2608 τοῖς
511 2531 676 2612 Σαβίνοις
708 2525 773 2614 ἤδη
806 2525 844 2596 τὸ
868 2526 1072 2615 στράτευμα,
1100 2529 1211 2596 καλου

144 2633 257 2720 ἐπειδὴ
289 2637 434 2720 πλησίον
466 2629 621 2719 ἀλλήλων
654 2633 810 2718 ἐγένοντο
842 2635 919 2722 περὶ
946 2631 1009 2721 τὴν
1037 2643 1162 2704 καλου·

144 2741 251 2826 μένην
287 2737 374 2827 ύλην
410 2742 600 2827 κακούργου
641 2737 759 2826 ὀλίγον
799 2739 837 2808 τὸ
875 2738 996 2827 μεταξύ
1032 2747 1162 2828 χωρίον

145 2843 285 2931 άφέντες
321 2845 738 2933 κατεστρατοπεδεύσαντο.
796 2850 836 2936 τῇ
875 2843 906 2913 δ’
942 2847 1016 2933 ἑξῆς
1051 2845 1162 2940 ἡμέρᾳ

105 2974 131 3015 κο
146 2951 373 3039 συμπεσόντες
396 2952 559 3040 ἐμάχοντο
582 2954 638 3021 καὶ
660 2945 748 3040 ἦσαν
768 2952 943 3041 ίσόρροποι
961 2955 1059 3042 μέχρι
1081 2963 1160 3022 πολ·

145 3063 220 3128 λού·
243 3057 309 3147 ἤδη
334 3058 371 3126 δέ
393 3060 469 3146 περὶ
494 3063 609 3145 δείλην
633 3056 737 3140 ὀψίαν
760 3061 973 3146 ἐγκλίνουσιν
998 3062 1034 3126 οί
1055 3066 1162 3147 Σαβί-

216 3288 470 3360 4ἐχεινΒοοιΙδ
507 3280 547 3344 ῶν
565 3287 715 3360 χρημάτων
735 3285 757 3345 ἐ.
773 3287 796 3360 β.
813 3290 835 3345 O
850 3289 996 3360 praeterB
1059 3296 1159 3360 ὅχρη-

145 3357 241 3433 μάτων
260 3357 330 3430 παρ’
350 3363 376 3416 Α
440 3356 607 3432 θλῄζοντο
626 3361 724 3415 malim
788 3357 966 3431 8ἐχῶρησεν
985 3356 1159 3448 ούδεμιᾶςΒ

147 3428 246 3502 ἐχῶρει
266 3434 407 3504 μηδεμιᾶς
424 3434 450 3486 R
505 3437 538 3487 15
558 3427 628 3502 μετὰ
647 3429 712 3495 τούς
730 3435 861 3494 λατίνονς
877 3433 903 3486 Α
958 3438 990 3486 16
1009 3432 1159 3496 τουτοιςΑ

147 3509 180 3558 19
200 3500 267 3559 ὅσον
286 3499 469 3574 ἐπικουρικὸν
487 3505 513 3558 A
585 3510 619 3558 22
640 3499 771 3572 ἐγένοντο
790 3505 813 3558 Β
834 3499 962 3572 ἐγίνοντο
979 3505 1012 3558 R.
