<?xml version="1.0" encoding="UTF-8"?>
<!DOCTYPE html PUBLIC "-//W3C//DTD XHTML 1.0 Transitional//EN"
    "http://www.w3.org/TR/xhtml1/DTD/xhtml1-transitional.dtd">
<html xmlns="http://www.w3.org/1999/xhtml" xml:lang="en" lang="en">
 <head>
  <title>
</title>
<meta http-equiv="Content-Type" content="text/html;charset=utf-8" />
  <meta name='ocr-system' content='tesseract 3.04.00' />
  <meta name='ocr-capabilities' content='ocr_page ocr_carea ocr_par ocr_line ocrx_word'/>
</head>
<body>
  <div class='ocr_page' id='page_1' title='image "./dionysihalicarn01diongoog_0147.png"; bbox 0 0 2454 3916; ppageno 0'>
   <div class='ocr_carea' id='block_1_1' title="bbox 557 236 722 289">
    <p class='ocr_par' dir='ltr' id='par_1_1' title="bbox 557 236 722 289">
     <span class='ocr_line' id='line_1_1' title="bbox 557 236 722 289; baseline 0 -13"><span class='ocrx_word' id='word_1_1' title='bbox 557 236 722 289; x_wconf 74' lang='grc' dir='ltr'><strong><em>-Α-</em></strong></span> 
     </span>
    </p>
   </div>
   <div class='ocr_carea' id='block_1_2' title="bbox 83 393 1227 3448">
    <p class='ocr_par' dir='ltr' id='par_1_2' title="bbox 83 393 1227 3435">
     <span class='ocr_line' id='line_1_2' title="bbox 133 393 1145 487; baseline 0.004 -23"><span class='ocrx_word' id='word_1_2' title='bbox 133 395 334 482; x_wconf 81' lang='grc' dir='ltr'><strong><em>βουκόλους,</em></strong></span> <span class='ocrx_word' id='word_1_3' title='bbox 364 403 399 464; x_wconf 81' lang='grc' dir='ltr'><strong><em>οἳ</em></strong></span> <span class='ocrx_word' id='word_1_4' title='bbox 423 397 498 483; x_wconf 81' lang='grc' dir='ltr'><strong><em>περὶ</em></strong></span> <span class='ocrx_word' id='word_1_5' title='bbox 524 394 562 464; x_wconf 87' lang='grc' dir='ltr'><strong><em>τὸ</em></strong></span> <span class='ocrx_word' id='word_1_6' title='bbox 592 393 781 464; x_wconf 76' lang='grc' dir='ltr'><strong><em>Αὐεντῖνον</em></strong></span> <span class='ocrx_word' id='word_1_7' title='bbox 799 395 889 485; x_wconf 34' lang='grc' dir='ltr'><strong><em>,όρος</em></strong></span> <span class='ocrx_word' id='word_1_8' title='bbox 915 395 1056 487; x_wconf 80' lang='grc' dir='ltr'><strong><em>ἀντικρύ</em></strong></span> <span class='ocrx_word' id='word_1_9' title='bbox 1086 403 1145 468; x_wconf 83' lang='grc' dir='ltr'><strong><em>τοῦ</em></strong></span> 
     </span>
     <span class='ocr_line' id='line_1_3' title="bbox 133 500 1145 593; baseline 0.005 -23"><span class='ocrx_word' id='word_1_10' title='bbox 133 509 350 572; x_wconf 75' lang='grc' dir='ltr'><strong><em>Παλλαντίου</em></strong></span> <span class='ocrx_word' id='word_1_11' title='bbox 371 509 527 590; x_wconf 88' lang='grc' dir='ltr'><strong><em>κείμενον</em></strong></span> <span class='ocrx_word' id='word_1_12' title='bbox 549 500 642 589; x_wconf 84' lang='grc' dir='ltr'><strong><em>είχον</em></strong></span> <span class='ocrx_word' id='word_1_13' title='bbox 670 500 728 582; x_wconf 82' lang='grc' dir='ltr'><strong><em>τὰς</em></strong></span> <span class='ocrx_word' id='word_1_14' title='bbox 750 503 956 589; x_wconf 86' lang='grc' dir='ltr'><strong><em>βουστάσεις.</em></strong></span> <span class='ocrx_word' id='word_1_15' title='bbox 1001 502 1145 593; x_wconf 76' lang='grc' dir='ltr'><strong><em>ᾐτιῶντο</em></strong></span> 
     </span>
     <span class='ocr_line' id='line_1_4' title="bbox 134 607 1148 700; baseline 0.002 -23"><span class='ocrx_word' id='word_1_16' title='bbox 134 609 172 678; x_wconf 72' lang='grc' dir='ltr'><strong><em>δὲ</em></strong></span> <span class='ocrx_word' id='word_1_17' title='bbox 194 608 360 697; x_wconf 80' lang='grc' dir='ltr'><strong><em>ἀλλήλους</em></strong></span> <span class='ocrx_word' id='word_1_18' title='bbox 383 610 532 700; x_wconf 79' lang='grc' dir='ltr'><strong><em>ἑκάτεροι</em></strong></span> <span class='ocrx_word' id='word_1_19' title='bbox 555 607 686 696; x_wconf 83' lang='grc' dir='ltr'><strong><em>θαμινά</em></strong></span> <span class='ocrx_word' id='word_1_20' title='bbox 708 607 729 697; x_wconf 84' lang='grc' dir='ltr'><strong><em>ή</em></strong></span> <span class='ocrx_word' id='word_1_21' title='bbox 753 608 817 698; x_wconf 84' lang='grc' dir='ltr'><strong><em>τήν</em></strong></span> <span class='ocrx_word' id='word_1_22' title='bbox 840 608 885 698; x_wconf 82' lang='grc' dir='ltr'><strong><em>μή</em></strong></span> <span class='ocrx_word' id='word_1_23' title='bbox 908 610 1148 698; x_wconf 74' lang='grc' dir='ltr'><strong><em>προσήκουσαν</em></strong></span> 
     </span>
     <span class='ocr_line' id='line_1_5' title="bbox 134 711 1147 806; baseline 0 -21"><span class='ocrx_word' id='word_1_24' title='bbox 134 715 264 806; x_wconf 90' lang='grc' dir='ltr'><strong><em>όργάδα</em></strong></span> <span class='ocrx_word' id='word_1_25' title='bbox 291 718 489 804; x_wconf 78' lang='grc' dir='ltr'><strong><em>κατανέμειν</em></strong></span> <span class='ocrx_word' id='word_1_26' title='bbox 517 711 538 804; x_wconf 84' lang='grc' dir='ltr'><strong><em>ή</em></strong></span> <span class='ocrx_word' id='word_1_27' title='bbox 566 716 629 802; x_wconf 86' lang='grc' dir='ltr'><strong><em>τήν</em></strong></span> <span class='ocrx_word' id='word_1_28' title='bbox 657 714 776 803; x_wconf 86' lang='grc' dir='ltr'><strong><em>κοινήν</em></strong></span> <span class='ocrx_word' id='word_1_29' title='bbox 804 716 932 805; x_wconf 85' lang='grc' dir='ltr'><strong><em>μόνους</em></strong></span> <span class='ocrx_word' id='word_1_30' title='bbox 955 719 1147 805; x_wconf 72' lang='grc' dir='ltr'><strong><em>διακρατεῖν</em></strong></span> 
     </span>
     <span class='ocr_line' id='line_1_6' title="bbox 106 819 1227 911; baseline -0.002 -20"><span class='ocrx_word' id='word_1_31' title='bbox 106 819 153 910; x_wconf 66' lang='grc' dir='ltr'><strong><em>δή</em></strong></span> <span class='ocrx_word' id='word_1_32' title='bbox 183 821 203 891; x_wconf 85' lang='grc' dir='ltr'><strong><em>ό</em></strong></span> <span class='ocrx_word' id='word_1_33' title='bbox 229 851 261 893; x_wconf 89' lang='grc' dir='ltr'><strong><em>τι</em></strong></span> <span class='ocrx_word' id='word_1_34' title='bbox 290 823 413 911; x_wconf 88' lang='grc' dir='ltr'><strong><em>δήποτε</em></strong></span> <span class='ocrx_word' id='word_1_35' title='bbox 439 823 543 911; x_wconf 83' lang='grc' dir='ltr'><strong><em>τύχοι.</em></strong></span> <span class='ocrx_word' id='word_1_36' title='bbox 593 826 629 891; x_wconf 76' lang='grc' dir='ltr'><strong><em>ἐκ</em></strong></span> <span class='ocrx_word' id='word_1_37' title='bbox 658 823 696 891; x_wconf 71' lang='grc' dir='ltr'><strong><em>δὲ</em></strong></span> <span class='ocrx_word' id='word_1_38' title='bbox 717 827 776 910; x_wconf 85' lang='grc' dir='ltr'><strong><em>τής</em></strong></span> <span class='ocrx_word' id='word_1_39' title='bbox 807 821 989 911; x_wconf 81' lang='grc' dir='ltr'><strong><em>ἁψιμαχίας</em></strong></span> <span class='ocrx_word' id='word_1_40' title='bbox 1019 821 1227 910; x_wconf 71' lang='grc' dir='ltr'><strong><em>ταύτήςιιι-</em></strong></span> 
     </span>
     <span class='ocr_line' id='line_1_7' title="bbox 134 927 1147 1018; baseline 0.002 -21"><span class='ocrx_word' id='word_1_41' title='bbox 134 930 291 1017; x_wconf 84' lang='grc' dir='ltr'><strong><em>ίγίνοντο</em></strong></span> <span class='ocrx_word' id='word_1_42' title='bbox 323 935 450 1016; x_wconf 76' lang='grc' dir='ltr'><strong><em>πληγαί</em></strong></span> <span class='ocrx_word' id='word_1_43' title='bbox 478 954 557 998; x_wconf 88' lang='grc' dir='ltr'><strong><em>ποτε</em></strong></span> <span class='ocrx_word' id='word_1_44' title='bbox 590 927 647 997; x_wconf 87' lang='grc' dir='ltr'><strong><em>διόι</em></strong></span> <span class='ocrx_word' id='word_1_45' title='bbox 679 933 817 1018; x_wconf 87' lang='grc' dir='ltr'><strong><em>χειρῶν,</em></strong></span> <span class='ocrx_word' id='word_1_46' title='bbox 846 927 916 998; x_wconf 80' lang='grc' dir='ltr'><strong><em>εἶτα</em></strong></span> <span class='ocrx_word' id='word_1_47' title='bbox 946 927 992 997; x_wconf 91' lang='grc' dir='ltr'><strong><em>δι’</em></strong></span> <span class='ocrx_word' id='word_1_48' title='bbox 1020 928 1147 999; x_wconf 84' lang='grc' dir='ltr'><strong><em>ὅπλων.</em></strong></span> 
     </span>
     <span class='ocr_line' id='line_1_8' title="bbox 84 1030 1150 1124; baseline 0 -20"><span class='ocrx_word' id='word_1_49' title='bbox 84 1031 125 1095; x_wconf 84' lang='grc'><strong><em>13</em></strong></span> <span class='ocrx_word' id='word_1_50' title='bbox 133 1035 304 1124; x_wconf 87' lang='grc' dir='ltr'><strong><em>τραύματα</em></strong></span> <span class='ocrx_word' id='word_1_51' title='bbox 329 1030 372 1104; x_wconf 69' lang='grc' dir='ltr'><strong><em>δὲ’</em></strong></span> <span class='ocrx_word' id='word_1_52' title='bbox 388 1034 495 1105; x_wconf 83' lang='grc' dir='ltr'><strong><em>πολλὰ</em></strong></span> <span class='ocrx_word' id='word_1_53' title='bbox 517 1033 601 1123; x_wconf 88' lang='grc' dir='ltr'><strong><em>πρὸς</em></strong></span> <span class='ocrx_word' id='word_1_54' title='bbox 627 1039 695 1104; x_wconf 88' lang='grc' dir='ltr'><strong><em>τῶν</em></strong></span> <span class='ocrx_word' id='word_1_55' title='bbox 724 1041 905 1123; x_wconf 84' lang='grc' dir='ltr'><strong><em>μειρακίων</em></strong></span> <span class='ocrx_word' id='word_1_56' title='bbox 928 1034 1091 1123; x_wconf 83' lang='grc' dir='ltr'><strong><em>λαβόντες</em></strong></span> <span class='ocrx_word' id='word_1_57' title='bbox 1115 1040 1150 1105; x_wconf 87' lang='grc' dir='ltr'><strong><em>οί</em></strong></span> 
     </span>
     <span class='ocr_line' id='line_1_9' title="bbox 133 1139 1148 1230; baseline 0.002 -20"><span class='ocrx_word' id='word_1_58' title='bbox 133 1144 195 1210; x_wconf 85' lang='grc' dir='ltr'><strong><em>τού</em></strong></span> <span class='ocrx_word' id='word_1_59' title='bbox 218 1143 411 1229; x_wconf 79' lang='grc' dir='ltr'><strong><em>Νεμέτορος</em></strong></span> <span class='ocrx_word' id='word_1_60' title='bbox 437 1148 497 1210; x_wconf 90' lang='grc' dir='ltr'><strong><em>καί</em></strong></span> <span class='ocrx_word' id='word_1_61' title='bbox 520 1169 615 1222; x_wconf 89' lang='grc' dir='ltr'><strong><em>τινας</em></strong></span> <span class='ocrx_word' id='word_1_62' title='bbox 642 1142 698 1210; x_wconf 85' lang='grc' dir='ltr'><strong><em>καὶ</em></strong></span> <span class='ocrx_word' id='word_1_63' title='bbox 721 1139 943 1222; x_wconf 75' lang='grc' dir='ltr'><strong><em>ἀπολέσαντες</em></strong></span> <span class='ocrx_word' id='word_1_64' title='bbox 969 1146 1038 1212; x_wconf 89' lang='grc' dir='ltr'><strong><em>τῶν</em></strong></span> <span class='ocrx_word' id='word_1_65' title='bbox 1067 1163 1148 1230; x_wconf 90' lang='grc' dir='ltr'><strong><em>σφε-</em></strong></span> 
     </span>
     <span class='ocr_line' id='line_1_10' title="bbox 132 1246 1148 1338; baseline 0.003 -21"><span class='ocrx_word' id='word_1_66' title='bbox 132 1249 239 1333; x_wconf 82' lang='grc' dir='ltr'><strong><em>τέρων</em></strong></span> <span class='ocrx_word' id='word_1_67' title='bbox 261 1250 317 1317; x_wconf 79' lang='grc' dir='ltr'><strong><em>καὶ</em></strong></span> <span class='ocrx_word' id='word_1_68' title='bbox 340 1253 409 1319; x_wconf 92' lang='grc' dir='ltr'><strong><em>τῶν</em></strong></span> <span class='ocrx_word' id='word_1_69' title='bbox 432 1255 566 1337; x_wconf 80' lang='grc' dir='ltr'><strong><em>χωρίων</em></strong></span> <span class='ocrx_word' id='word_1_70' title='bbox 589 1248 655 1335; x_wconf 82' lang='grc' dir='ltr'><strong><em>ήδη</em></strong></span> <span class='ocrx_word' id='word_1_71' title='bbox 676 1246 759 1317; x_wconf 84' lang='grc' dir='ltr'><strong><em>κατὰ</em></strong></span> <span class='ocrx_word' id='word_1_72' title='bbox 776 1247 898 1335; x_wconf 92' lang='grc' dir='ltr'><strong><em>κράτος</em></strong></span> <span class='ocrx_word' id='word_1_73' title='bbox 921 1248 1148 1338; x_wconf 77' lang='grc' dir='ltr'><strong><em>ἐξειργόμενοι</em></strong></span> 
     </span>
     <span class='ocr_line' id='line_1_11' title="bbox 94 1353 1149 1443; baseline 0.003 -21"><span class='ocrx_word' id='word_1_74' title='bbox 94 1377 119 1416; x_wconf 89' lang='lat'><strong><em>10</em></strong></span> <span class='ocrx_word' id='word_1_75' title='bbox 132 1355 418 1443; x_wconf 79' lang='grc' dir='ltr'><strong><em>παρεσκευάζοντο</em></strong></span> <span class='ocrx_word' id='word_1_76' title='bbox 439 1355 543 1425; x_wconf 89' lang='grc' dir='ltr'><strong><em>δόλον</em></strong></span> <span class='ocrx_word' id='word_1_77' title='bbox 561 1354 638 1424; x_wconf 81' lang='grc' dir='ltr'><strong><em>τινὰ</em></strong></span> <span class='ocrx_word' id='word_1_78' title='bbox 652 1353 701 1424; x_wconf 81' lang='grc' dir='ltr'><strong><em>ἐπ’</em></strong></span> <span class='ocrx_word' id='word_1_79' title='bbox 719 1353 851 1435; x_wconf 86' lang='grc' dir='ltr'><strong><em>αύτούς.</em></strong></span> <span class='ocrx_word' id='word_1_80' title='bbox 887 1360 1149 1443; x_wconf 87' lang='grc' dir='ltr'><strong><em>προλοχίσαντες</em></strong></span> 
     </span>
     <span class='ocr_line' id='line_1_12' title="bbox 133 1459 1148 1550; baseline 0.004 -22"><span class='ocrx_word' id='word_1_81' title='bbox 133 1459 174 1548; x_wconf 87' lang='grc' dir='ltr'><strong><em>δή</em></strong></span> <span class='ocrx_word' id='word_1_82' title='bbox 198 1466 258 1550; x_wconf 85' lang='grc' dir='ltr'><strong><em>τής</em></strong></span> <span class='ocrx_word' id='word_1_83' title='bbox 282 1462 455 1550; x_wconf 76' lang='grc' dir='ltr'><strong><em>φάραγγος</em></strong></span> <span class='ocrx_word' id='word_1_84' title='bbox 476 1460 514 1531; x_wconf 88' lang='grc' dir='ltr'><strong><em>τό</em></strong></span> <span class='ocrx_word' id='word_1_85' title='bbox 539 1459 668 1549; x_wconf 76' lang='grc' dir='ltr'><strong><em>άφανδς</em></strong></span> <span class='ocrx_word' id='word_1_86' title='bbox 689 1463 745 1530; x_wconf 80' lang='grc' dir='ltr'><strong><em>καὶ</em></strong></span> <span class='ocrx_word' id='word_1_87' title='bbox 768 1463 975 1549; x_wconf 83' lang='grc' dir='ltr'><strong><em>συνθέμενοι</em></strong></span> <span class='ocrx_word' id='word_1_88' title='bbox 998 1475 1070 1542; x_wconf 78' lang='grc' dir='ltr'><strong><em>τοῖς</em></strong></span> <span class='ocrx_word' id='word_1_89' title='bbox 1092 1470 1148 1532; x_wconf 91' lang='grc' dir='ltr'><strong><em>λο-</em></strong></span> 
     </span>
     <span class='ocr_line' id='line_1_13' title="bbox 131 1565 1148 1656; baseline 0.003 -21"><span class='ocrx_word' id='word_1_90' title='bbox 131 1571 216 1654; x_wconf 87' lang='grc' dir='ltr'><strong><em>χῶσι</em></strong></span> <span class='ocrx_word' id='word_1_91' title='bbox 238 1565 279 1637; x_wconf 83' lang='grc' dir='ltr'><strong><em>τά</em></strong></span> <span class='ocrx_word' id='word_1_92' title='bbox 297 1568 452 1656; x_wconf 90' lang='grc' dir='ltr'><strong><em>μειράκια</em></strong></span> <span class='ocrx_word' id='word_1_93' title='bbox 470 1567 531 1639; x_wconf 88' lang='grc' dir='ltr'><strong><em>τὸν</em></strong></span> <span class='ocrx_word' id='word_1_94' title='bbox 549 1573 608 1656; x_wconf 82' lang='grc' dir='ltr'><strong><em>τής</em></strong></span> <span class='ocrx_word' id='word_1_95' title='bbox 631 1571 811 1648; x_wconf 78' lang='grc' dir='ltr'><strong><em>ἐπιθέσεως</em></strong></span> <span class='ocrx_word' id='word_1_96' title='bbox 833 1566 953 1656; x_wconf 87' lang='grc' dir='ltr'><strong><em>καιρὸν</em></strong></span> <span class='ocrx_word' id='word_1_97' title='bbox 978 1570 1014 1635; x_wconf 82' lang='grc' dir='ltr'><strong><em>ολ</em></strong></span> <span class='ocrx_word' id='word_1_98' title='bbox 1034 1570 1148 1638; x_wconf 74' lang='grc' dir='ltr'><strong><em>λοιποὶ</em></strong></span> 
     </span>
     <span class='ocr_line' id='line_1_14' title="bbox 131 1670 1148 1764; baseline 0.002 -23"><span class='ocrx_word' id='word_1_99' title='bbox 131 1672 215 1742; x_wconf 80' lang='grc' dir='ltr'><strong><em>κατὰ</em></strong></span> <span class='ocrx_word' id='word_1_100' title='bbox 251 1679 384 1762; x_wconf 76' lang='grc' dir='ltr'><strong><em>πλῆθος</em></strong></span> <span class='ocrx_word' id='word_1_101' title='bbox 422 1676 474 1743; x_wconf 79' lang='grc' dir='ltr'><strong><em>ἐπὶ</em></strong></span> <span class='ocrx_word' id='word_1_102' title='bbox 510 1672 551 1743; x_wconf 84' lang='grc' dir='ltr'><strong><em>τά</em></strong></span> <span class='ocrx_word' id='word_1_103' title='bbox 590 1674 828 1762; x_wconf 75' lang='grc' dir='ltr'><strong><em>μανδρεύματα</em></strong></span> <span class='ocrx_word' id='word_1_104' title='bbox 865 1670 979 1741; x_wconf 89' lang='grc' dir='ltr'><strong><em>αύτῶν</em></strong></span> <span class='ocrx_word' id='word_1_105' title='bbox 1014 1672 1148 1764; x_wconf 81' lang='grc' dir='ltr'><strong><em>νύκτωρ</em></strong></span> 
     </span>
     <span class='ocr_line' id='line_1_15' title="bbox 133 1772 1149 1868; baseline 0.002 -21"><span class='ocrx_word' id='word_1_106' title='bbox 133 1781 307 1866; x_wconf 76' lang='grc' dir='ltr'><strong><em>ἐπέβαλον.</em></strong></span> <span class='ocrx_word' id='word_1_107' title='bbox 335 1779 504 1868; x_wconf 90' lang='grc' dir='ltr'><strong><em>Ῥωμύλος</em></strong></span> <span class='ocrx_word' id='word_1_108' title='bbox 522 1780 583 1867; x_wconf 73' lang='grc' dir='ltr'><strong><em>μὲν</em></strong></span> <span class='ocrx_word' id='word_1_109' title='bbox 603 1772 666 1848; x_wconf 88' lang='grc' dir='ltr'><strong><em>ούν</em></strong></span> <span class='ocrx_word' id='word_1_110' title='bbox 688 1777 748 1849; x_wconf 90' lang='grc' dir='ltr'><strong><em>τὸν</em></strong></span> <span class='ocrx_word' id='word_1_111' title='bbox 767 1777 895 1866; x_wconf 91' lang='grc' dir='ltr'><strong><em>χρόνον</em></strong></span> <span class='ocrx_word' id='word_1_112' title='bbox 913 1782 1035 1847; x_wconf 82' lang='grc' dir='ltr'><strong><em>τοῦτον</em></strong></span> <span class='ocrx_word' id='word_1_113' title='bbox 1056 1780 1149 1867; x_wconf 82' lang='grc' dir='ltr'><strong><em>ἐτύγ-</em></strong></span> 
     </span>
     <span class='ocr_line' id='line_1_16' title="bbox 94 1883 1149 1974; baseline 0.009 -27"><span class='ocrx_word' id='word_1_114' title='bbox 94 1907 120 1947; x_wconf 89' lang='lat'><strong><em>15</em></strong></span> <span class='ocrx_word' id='word_1_115' title='bbox 133 1911 236 1972; x_wconf 87' lang='grc' dir='ltr'><strong><em>χανεν</em></strong></span> <span class='ocrx_word' id='word_1_116' title='bbox 264 1883 333 1973; x_wconf 85' lang='grc' dir='ltr'><strong><em>άμα</em></strong></span> <span class='ocrx_word' id='word_1_117' title='bbox 359 1900 429 1966; x_wconf 81' lang='grc' dir='ltr'><strong><em>τοῖς</em></strong></span> <span class='ocrx_word' id='word_1_118' title='bbox 457 1886 732 1974; x_wconf 76' lang='grc' dir='ltr'><strong><em>ἐπιφανεστάτοις</em></strong></span> <span class='ocrx_word' id='word_1_119' title='bbox 758 1888 826 1954; x_wconf 88' lang='grc' dir='ltr'><strong><em>τῶν</em></strong></span> <span class='ocrx_word' id='word_1_120' title='bbox 858 1889 1022 1972; x_wconf 77' lang='grc' dir='ltr'><strong><em>κωμητῶν</em></strong></span> <span class='ocrx_word' id='word_1_121' title='bbox 1048 1908 1149 1957; x_wconf 88' lang='grc' dir='ltr'><strong><em>πεπο-</em></strong></span> 
     </span>
     <span class='ocr_line' id='line_1_17' title="bbox 132 1989 1150 2082; baseline 0.004 -24"><span class='ocrx_word' id='word_1_122' title='bbox 132 1994 296 2078; x_wconf 80' lang='grc' dir='ltr'><strong><em>ρευμένος</em></strong></span> <span class='ocrx_word' id='word_1_123' title='bbox 323 2001 371 2072; x_wconf 80' lang='grc' dir='ltr'><strong><em>είς</em></strong></span> <span class='ocrx_word' id='word_1_124' title='bbox 388 2019 420 2060; x_wconf 91' lang='grc' dir='ltr'><strong><em>τι</em></strong></span> <span class='ocrx_word' id='word_1_125' title='bbox 443 1996 568 2079; x_wconf 86' lang='grc' dir='ltr'><strong><em>χωρίον</em></strong></span> <span class='ocrx_word' id='word_1_126' title='bbox 592 1997 762 2060; x_wconf 88' lang='grc' dir='ltr'><strong><em>Καίνιναν</em></strong></span> <span class='ocrx_word' id='word_1_127' title='bbox 790 1989 1043 2078; x_wconf 79' lang='grc' dir='ltr'><strong><em>ὀνομαζόμενον</em></strong></span> <span class='ocrx_word' id='word_1_128' title='bbox 1076 1993 1150 2082; x_wconf 80' lang='grc' dir='ltr'><strong><em>ίερὰ</em></strong></span> 
     </span>
     <span class='ocr_line' id='line_1_18' title="bbox 83 2093 1150 2188; baseline 0.003 -21"><span class='ocrx_word' id='word_1_129' title='bbox 83 2104 124 2167; x_wconf 88' lang='lat'><strong><em>14</em></strong></span> <span class='ocrx_word' id='word_1_130' title='bbox 133 2096 286 2184; x_wconf 77' lang='grc' dir='ltr'><strong><em>ποιήσων</em></strong></span> <span class='ocrx_word' id='word_1_131' title='bbox 305 2095 390 2187; x_wconf 73' lang='grc' dir='ltr'><strong><em>ὑπὲρ</em></strong></span> <span class='ocrx_word' id='word_1_132' title='bbox 408 2100 469 2166; x_wconf 84' lang='grc' dir='ltr'><strong><em>τού</em></strong></span> <span class='ocrx_word' id='word_1_133' title='bbox 487 2101 607 2165; x_wconf 84' lang='grc' dir='ltr'><strong><em>κοινοῦ</em></strong></span> <span class='ocrx_word' id='word_1_134' title='bbox 625 2095 760 2183; x_wconf 86' lang='grc' dir='ltr'><strong><em>πάτρια·</em></strong></span> <span class='ocrx_word' id='word_1_135' title='bbox 783 2093 909 2184; x_wconf 90' lang='grc' dir='ltr'><strong><em>Ῥῶμος</em></strong></span> <span class='ocrx_word' id='word_1_136' title='bbox 923 2095 961 2165; x_wconf 71' lang='grc' dir='ltr'><strong><em>δὲ</em></strong></span> <span class='ocrx_word' id='word_1_137' title='bbox 982 2095 1046 2184; x_wconf 83' lang='grc' dir='ltr'><strong><em>τήν</em></strong></span> <span class='ocrx_word' id='word_1_138' title='bbox 1071 2105 1150 2188; x_wconf 80' lang='grc' dir='ltr'><strong><em>ἔφο-</em></strong></span> 
     </span>
     <span class='ocr_line' id='line_1_19' title="bbox 133 2201 1151 2291; baseline 0.004 -19"><span class='ocrx_word' id='word_1_139' title='bbox 133 2208 196 2273; x_wconf 95' lang='grc' dir='ltr'><strong><em>δον</em></strong></span> <span class='ocrx_word' id='word_1_140' title='bbox 229 2203 342 2274; x_wconf 90' lang='grc' dir='ltr'><strong><em>αύτῶν</em></strong></span> <span class='ocrx_word' id='word_1_141' title='bbox 380 2204 587 2291; x_wconf 82' lang='grc' dir='ltr'><strong><em>αἰσθόμενος</em></strong></span> <span class='ocrx_word' id='word_1_142' title='bbox 624 2202 797 2290; x_wconf 73' lang='grc' dir='ltr'><strong><em>ἐξεβοήθει</em></strong></span> <span class='ocrx_word' id='word_1_143' title='bbox 833 2201 948 2289; x_wconf 86' lang='grc' dir='ltr'><strong><em>λαβῶν</em></strong></span> <span class='ocrx_word' id='word_1_144' title='bbox 982 2202 1024 2273; x_wconf 84' lang='grc' dir='ltr'><strong><em>τά</em></strong></span> <span class='ocrx_word' id='word_1_145' title='bbox 1062 2204 1151 2276; x_wconf 83' lang='grc' dir='ltr'><strong><em>ὅπλα</em></strong></span> 
     </span>
     <span class='ocr_line' id='line_1_20' title="bbox 133 2309 1164 2399; baseline 0.004 -20"><span class='ocrx_word' id='word_1_146' title='bbox 133 2314 319 2399; x_wconf 81' lang='grc' dir='ltr'><strong><em>διαταχέων</em></strong></span> <span class='ocrx_word' id='word_1_147' title='bbox 356 2309 492 2398; x_wconf 85' lang='grc' dir='ltr'><strong><em>ὀλίγους</em></strong></span> <span class='ocrx_word' id='word_1_148' title='bbox 527 2315 596 2379; x_wconf 89' lang='grc' dir='ltr'><strong><em>τῶν</em></strong></span> <span class='ocrx_word' id='word_1_149' title='bbox 631 2311 666 2377; x_wconf 78' lang='grc' dir='ltr'><strong><em>ἐκ</em></strong></span> <span class='ocrx_word' id='word_1_150' title='bbox 701 2315 763 2397; x_wconf 79' lang='grc' dir='ltr'><strong><em>τῆς</em></strong></span> <span class='ocrx_word' id='word_1_151' title='bbox 798 2309 912 2397; x_wconf 83' lang='grc' dir='ltr'><strong><em>κῶμής</em></strong></span> <span class='ocrx_word' id='word_1_152' title='bbox 948 2310 1164 2398; x_wconf 75' lang='grc' dir='ltr'><strong><em>φθάσαντας</em></strong></span> 
     </span>
     <span class='ocr_line' id='line_1_21' title="bbox 91 2414 1161 2506; baseline 0.001 -17"><span class='ocrx_word' id='word_1_153' title='bbox 91 2451 118 2490; x_wconf 82' lang='grc' dir='ltr'><strong><em>το</em></strong></span> <span class='ocrx_word' id='word_1_154' title='bbox 129 2417 209 2487; x_wconf 90' lang='grc' dir='ltr'><strong><em>καθ’</em></strong></span> <span class='ocrx_word' id='word_1_155' title='bbox 236 2422 273 2486; x_wconf 75' lang='grc' dir='ltr'><strong><em>ἓν</em></strong></span> <span class='ocrx_word' id='word_1_156' title='bbox 304 2420 465 2505; x_wconf 82' lang='grc' dir='ltr'><strong><em>γενέσθαι</em></strong></span> <span class='ocrx_word' id='word_1_157' title='bbox 490 2416 702 2505; x_wconf 80' lang='grc' dir='ltr'><strong><em>παραλαβών.</em></strong></span> <span class='ocrx_word' id='word_1_158' title='bbox 747 2414 966 2485; x_wconf 80' lang='grc' dir='ltr'><strong><em>κάκεῑνοιού</em></strong></span> <span class='ocrx_word' id='word_1_159' title='bbox 992 2420 1161 2506; x_wconf 76' lang='grc' dir='ltr'><strong><em>δέχονται</em></strong></span> 
     </span>
     <span class='ocr_line' id='line_1_22' title="bbox 129 2521 1163 2613; baseline 0.004 -20"><span class='ocrx_word' id='word_1_160' title='bbox 129 2525 234 2595; x_wconf 83' lang='grc' dir='ltr'><strong><em>αὐτόν</em></strong></span> <span class='ocrx_word' id='word_1_161' title='bbox 241 2577 250 2611; x_wconf 86' lang='grc'><em>,</em></span> <span class='ocrx_word' id='word_1_162' title='bbox 275 2523 361 2594; x_wconf 86' lang='grc' dir='ltr'><strong><em>ύλλδι</em></strong></span> <span class='ocrx_word' id='word_1_163' title='bbox 384 2524 571 2613; x_wconf 91' lang='grc' dir='ltr'><strong><em>φεύγουσιν</em></strong></span> <span class='ocrx_word' id='word_1_164' title='bbox 597 2521 805 2611; x_wconf 85' lang='grc' dir='ltr'><strong><em>ὑπαγόμενοι</em></strong></span> <span class='ocrx_word' id='word_1_165' title='bbox 833 2529 920 2592; x_wconf 80' lang='grc' dir='ltr'><strong><em>ἔνθα</em></strong></span> <span class='ocrx_word' id='word_1_166' title='bbox 948 2529 1090 2611; x_wconf 81' lang='grc' dir='ltr'><strong><em>ἔμελλον</em></strong></span> <span class='ocrx_word' id='word_1_167' title='bbox 1115 2531 1163 2597; x_wconf 83' lang='grc' dir='ltr'><strong><em>ἐν</em></strong></span> 
     </span>
     <span class='ocr_line' id='line_1_23' title="bbox 128 2627 1214 2723; baseline -0.005 -24"><span class='ocrx_word' id='word_1_168' title='bbox 128 2637 217 2723; x_wconf 77' lang='grc' dir='ltr'><strong><em>καλῶ</em></strong></span> <span class='ocrx_word' id='word_1_169' title='bbox 241 2629 513 2718; x_wconf 78' lang='grc' dir='ltr'><strong><em>ὑποστρέψαντες</em></strong></span> <span class='ocrx_word' id='word_1_170' title='bbox 540 2629 780 2717; x_wconf 77' lang='grc' dir='ltr'><strong><em>ἐπιθήσεσθαι·</em></strong></span> <span class='ocrx_word' id='word_1_171' title='bbox 811 2627 829 2697; x_wconf 91' lang='grc' dir='ltr'><strong><em>ό</em></strong></span> <span class='ocrx_word' id='word_1_172' title='bbox 864 2630 903 2698; x_wconf 71' lang='grc' dir='ltr'><strong><em>δὲ</em></strong></span> <span class='ocrx_word' id='word_1_173' title='bbox 920 2627 1048 2718; x_wconf 86' lang='grc' dir='ltr'><strong><em>Ῥῶμος</em></strong></span> <span class='ocrx_word' id='word_1_174' title='bbox 1074 2633 1152 2704; x_wconf 85' lang='grc' dir='ltr'><strong><em>κατ’</em></strong></span> <span class='ocrx_word' id='word_1_175' title='bbox 1161 2644 1214 2700; x_wconf 74' lang='lat'><strong><em>20</em></strong></span> 
     </span>
     <span class='ocr_line' id='line_1_24' title="bbox 128 2735 1151 2825; baseline 0.004 -19"><span class='ocrx_word' id='word_1_176' title='bbox 128 2736 271 2824; x_wconf 83' lang='grc' dir='ltr'><strong><em>άγνοιαν</em></strong></span> <span class='ocrx_word' id='word_1_177' title='bbox 297 2741 358 2806; x_wconf 82' lang='grc' dir='ltr'><strong><em>τοῦ</em></strong></span> <span class='ocrx_word' id='word_1_178' title='bbox 388 2737 623 2825; x_wconf 83' lang='grc' dir='ltr'><strong><em>μηχανήματος</em></strong></span> <span class='ocrx_word' id='word_1_179' title='bbox 653 2735 731 2824; x_wconf 86' lang='grc' dir='ltr'><strong><em>άχρι</em></strong></span> <span class='ocrx_word' id='word_1_180' title='bbox 762 2740 890 2804; x_wconf 80' lang='grc' dir='ltr'><strong><em>πολλοῦ</em></strong></span> <span class='ocrx_word' id='word_1_181' title='bbox 921 2737 1056 2807; x_wconf 83' lang='grc' dir='ltr'><strong><em>διώκων</em></strong></span> <span class='ocrx_word' id='word_1_182' title='bbox 1084 2740 1151 2810; x_wconf 87' lang='grc' dir='ltr'><strong><em>αύ-</em></strong></span> 
     </span>
     <span class='ocr_line' id='line_1_25' title="bbox 127 2841 1154 2931; baseline 0.003 -17"><span class='ocrx_word' id='word_1_183' title='bbox 127 2841 207 2924; x_wconf 81' lang='grc' dir='ltr'><strong><em>τούς</em></strong></span> <span class='ocrx_word' id='word_1_184' title='bbox 228 2842 448 2931; x_wconf 87' lang='grc' dir='ltr'><strong><em>παραλλάττει</em></strong></span> <span class='ocrx_word' id='word_1_185' title='bbox 474 2841 512 2912; x_wconf 88' lang='grc' dir='ltr'><strong><em>τὸ</em></strong></span> <span class='ocrx_word' id='word_1_186' title='bbox 540 2845 779 2931; x_wconf 83' lang='grc' dir='ltr'><strong><em>λελοχισμένον</em></strong></span> <span class='ocrx_word' id='word_1_187' title='bbox 806 2870 875 2930; x_wconf 92' lang='grc' dir='ltr'><strong><em>χωρ</em></strong></span> <span class='ocrx_word' id='word_1_188' title='bbox 879 2848 949 2929; x_wconf 85' lang='grc' dir='ltr'><strong><em>ίον,</em></strong></span> <span class='ocrx_word' id='word_1_189' title='bbox 976 2843 1042 2914; x_wconf 88' lang='grc' dir='ltr'><strong><em>κάν</em></strong></span> <span class='ocrx_word' id='word_1_190' title='bbox 1064 2847 1154 2917; x_wconf 80' lang='grc' dir='ltr'><strong><em>τού-</em></strong></span> 
     </span>
     <span class='ocr_line' id='line_1_26' title="bbox 205 2998 1158 3074; baseline 0.005 -17"><span class='ocrx_word' id='word_1_191' title='bbox 205 2998 413 3071; x_wconf 83' lang='grc' dir='ltr'><strong><em>ΙάντικρυςΒ</em></strong></span> <span class='ocrx_word' id='word_1_192' title='bbox 486 2999 676 3073; x_wconf 80' lang='grc' dir='ltr'><strong><em>ὅτύχοιενο.</em></strong></span> <span class='ocrx_word' id='word_1_193' title='bbox 697 3002 787 3058; x_wconf 72' lang='lat' dir='ltr'>Cobet</span> <span class='ocrx_word' id='word_1_194' title='bbox 805 3001 908 3074; x_wconf 79' lang='lat' dir='ltr'>Obs.p</span> <span class='ocrx_word' id='word_1_195' title='bbox 911 3009 971 3059; x_wconf 83' lang='lat'><strong><em>.36</em></strong></span> <span class='ocrx_word' id='word_1_196' title='bbox 1045 3011 1158 3062; x_wconf 80' lang='grc' dir='ltr'><strong><em>δποτε</em></strong></span> 
     </span>
     <span class='ocr_line' id='line_1_27' title="bbox 134 3070 1161 3162; baseline 0.005 -33"><span class='ocrx_word' id='word_1_197' title='bbox 134 3070 182 3129; x_wconf 85' lang='grc' dir='ltr'><strong><em>διά</em></strong></span> <span class='ocrx_word' id='word_1_198' title='bbox 180 3075 304 3162; x_wconf 84' lang='grc' dir='ltr'><strong><em>χειρῶν</em></strong></span> <span class='ocrx_word' id='word_1_199' title='bbox 319 3074 422 3144; x_wconf 77' lang='grc' dir='ltr'><strong><em>πληγαί</em></strong></span> <span class='ocrx_word' id='word_1_200' title='bbox 436 3076 459 3129; x_wconf 92' lang='grc' dir='ltr'><strong>Β</strong></span> <span class='ocrx_word' id='word_1_201' title='bbox 514 3082 530 3131; x_wconf 88' lang='grc'>8</span> <span class='ocrx_word' id='word_1_202' title='bbox 545 3077 598 3130; x_wconf 89' lang='grc' dir='ltr'><strong><em>καί</em></strong></span> <span class='ocrx_word' id='word_1_203' title='bbox 608 3094 688 3137; x_wconf 89' lang='grc' dir='ltr'><strong><em>τινας</em></strong></span> <span class='ocrx_word' id='word_1_204' title='bbox 701 3074 751 3128; x_wconf 78' lang='grc' dir='ltr'><strong><em>καί</em></strong></span> <span class='ocrx_word' id='word_1_205' title='bbox 765 3075 787 3128; x_wconf 90' lang='grc' dir='ltr'><strong>Β</strong></span> <span class='ocrx_word' id='word_1_206' title='bbox 806 3075 858 3129; x_wconf 88' lang='grc' dir='ltr'><strong><em>καί</em></strong></span> <span class='ocrx_word' id='word_1_207' title='bbox 872 3095 952 3137; x_wconf 90' lang='grc' dir='ltr'><strong><em>τινας</em></strong></span> <span class='ocrx_word' id='word_1_208' title='bbox 965 3076 991 3130; x_wconf 78' lang='lat' dir='ltr'><strong>R</strong></span> <span class='ocrx_word' id='word_1_209' title='bbox 1037 3077 1062 3132; x_wconf 99' lang='grc'>9</span> <span class='ocrx_word' id='word_1_210' title='bbox 1077 3071 1161 3134; x_wconf 74' lang='grc' dir='ltr'><strong><em>κατὰ</em></strong></span> 
     </span>
     <span class='ocr_line' id='line_1_28' title="bbox 133 3141 1157 3218; baseline 0.004 -17"><span class='ocrx_word' id='word_1_211' title='bbox 133 3141 236 3215; x_wconf 84' lang='grc' dir='ltr'><strong><em>κράτος</em></strong></span> <span class='ocrx_word' id='word_1_212' title='bbox 254 3141 353 3216; x_wconf 83' lang='grc' dir='ltr'><strong><em>ήδηΑ</em></strong></span> <span class='ocrx_word' id='word_1_213' title='bbox 426 3153 460 3201; x_wconf 84' lang='grc'><strong><em>13</em></strong></span> <span class='ocrx_word' id='word_1_214' title='bbox 479 3142 590 3215; x_wconf 83' lang='grc' dir='ltr'><strong><em>νύκτωρ</em></strong></span> <span class='ocrx_word' id='word_1_215' title='bbox 609 3163 663 3202; x_wconf 90' lang='lat' dir='ltr'><strong><em>om.</em></strong></span> <span class='ocrx_word' id='word_1_216' title='bbox 684 3145 706 3198; x_wconf 90' lang='lat' dir='ltr'>B</span> <span class='ocrx_word' id='word_1_217' title='bbox 779 3141 869 3200; x_wconf 80' lang='grc' dir='ltr'><strong><em>14ἒπ</em></strong></span> <span class='ocrx_word' id='word_1_218' title='bbox 848 3144 989 3218; x_wconf 80' lang='grc' dir='ltr'><strong><em>πίβαλλον</em></strong></span> <span class='ocrx_word' id='word_1_219' title='bbox 1008 3148 1060 3217; x_wconf 87' lang='grc' dir='ltr'><strong><em>ΑΙ</em></strong></span> <span class='ocrx_word' id='word_1_220' title='bbox 1085 3151 1157 3205; x_wconf 84' lang='grc' dir='ltr'><strong><em>τού-</em></strong></span> 
     </span>
     <span class='ocr_line' id='line_1_29' title="bbox 132 3210 1158 3290; baseline 0.003 -18"><span class='ocrx_word' id='word_1_221' title='bbox 132 3237 182 3272; x_wconf 87' lang='grc' dir='ltr'><strong><em>τον</em></strong></span> <span class='ocrx_word' id='word_1_222' title='bbox 201 3235 254 3273; x_wconf 90' lang='lat' dir='ltr'><strong><em>om.</em></strong></span> <span class='ocrx_word' id='word_1_223' title='bbox 275 3212 513 3287; x_wconf 84' lang='grc' dir='ltr'><strong><em>ΑΙτυγχάνειΑ</em></strong></span> <span class='ocrx_word' id='word_1_224' title='bbox 577 3221 610 3271; x_wconf 82' lang='lat'><strong><em>15</em></strong></span> <span class='ocrx_word' id='word_1_225' title='bbox 628 3210 861 3286; x_wconf 82' lang='grc' dir='ltr'><strong><em>πορευόμενοςΒ</em></strong></span> <span class='ocrx_word' id='word_1_226' title='bbox 917 3222 950 3272; x_wconf 80' lang='grc'><strong><em>16</em></strong></span> <span class='ocrx_word' id='word_1_227' title='bbox 969 3219 1110 3290; x_wconf 83' lang='grc' dir='ltr'><strong><em>καινιμῶν</em></strong></span> <span class='ocrx_word' id='word_1_228' title='bbox 1127 3220 1158 3275; x_wconf 81' lang='grc' dir='ltr'><strong>Δ</strong></span> 
     </span>
     <span class='ocr_line' id='line_1_30' title="bbox 132 3285 1155 3448; baseline -0.002 -33"><span class='ocrx_word' id='word_1_229' title='bbox 132 3285 315 3448; x_wconf 64' lang='grc' dir='ltr'><strong><em>”“ῶμέήλῗ</em></strong></span> <span class='ocrx_word' id='word_1_230' title='bbox 334 3289 740 3448; x_wconf 51' lang='grc' dir='ltr'><strong><em>ῶαίνίίὲἴεῗῖἰρόεῗόε</em></strong></span> <span class='ocrx_word' id='word_1_231' title='bbox 756 3287 1155 3444; x_wconf 37' lang='grc' dir='ltr'><strong><em>οίηιιοώθλεοίεῗρειίθ</em></strong></span> <span class='ocrx_word' id='word_1_232' title='bbox 1115 3355 1152 3416; x_wconf 68' lang='grc' dir='ltr'><strong><em>ιε</em></strong></span> 
     </span>
    </p>
   </div>
   <div class='ocr_carea' id='block_1_3' title="bbox 133 3425 1150 3557">
    <p class='ocr_par' dir='ltr' id='par_1_3' title="bbox 133 3425 1150 3557">
     <span class='ocr_line' id='line_1_31' title="bbox 133 3425 1150 3556; baseline -0.004 -69"><span class='ocrx_word' id='word_1_233' title='bbox 133 3425 207 3487; x_wconf 81' lang='grc' dir='ltr'><strong><em>όπλα</em></strong></span> <span class='ocrx_word' id='word_1_234' title='bbox 229 3432 267 3556; x_wconf 77' lang='lat' dir='ltr'><strong><em>BA</em></strong></span> <span class='ocrx_word' id='word_1_235' title='bbox 284 3426 320 3486; x_wconf 83' lang='grc' dir='ltr'><strong><em>τά</em></strong></span> <span class='ocrx_word' id='word_1_236' title='bbox 349 3427 375 3486; x_wconf 87' lang='grc' dir='ltr'><strong><em>ὁ.</em></strong></span> <span class='ocrx_word' id='word_1_237' title='bbox 400 3434 422 3486; x_wconf 90' lang='grc' dir='ltr'><strong><em>λ.</em></strong></span> <span class='ocrx_word' id='word_1_238' title='bbox 446 3431 471 3485; x_wconf 83' lang='lat' dir='ltr'>R</span> <span class='ocrx_word' id='word_1_239' title='bbox 560 3436 596 3484; x_wconf 78' lang='lat'><strong><em>24</em></strong></span> <span class='ocrx_word' id='word_1_240' title='bbox 619 3428 871 3499; x_wconf 83' lang='grc' dir='ltr'><strong><em>προλελοχιομίνον</em></strong></span> <span class='ocrx_word' id='word_1_241' title='bbox 895 3446 918 3484; x_wconf 87' lang='grc' dir='ltr'><strong><em>ο.</em></strong></span> <span class='ocrx_word' id='word_1_242' title='bbox 942 3431 1047 3488; x_wconf 73' lang='grc' dir='ltr'><strong><em>Βωίελιο</em></strong></span> <span class='ocrx_word' id='word_1_243' title='bbox 1071 3432 1077 3504; x_wconf 91' lang='grc' dir='ltr'>Ι</span> <span class='ocrx_word' id='word_1_244' title='bbox 1101 3427 1150 3487; x_wconf 76' lang='grc' dir='ltr'><strong><em>καὶ</em></strong></span> 
     </span>
     <span class='ocr_line' id='line_1_32' title="bbox 133 3498 223 3557; baseline 0.011 -1"><span class='ocrx_word' id='word_1_245' title='bbox 133 3498 223 3557; x_wconf 87' lang='grc' dir='ltr'><strong><em>τούτω</em></strong></span> 
     </span>
    </p>
   </div>
   <div class='ocr_carea' id='block_1_4' title="bbox 0 0 1235 3916">
    <p class='ocr_par' dir='ltr' id='par_1_4' title="bbox 0 0 1235 3916">
     <span class='ocr_line' id='line_1_33' title="bbox 0 0 1235 3916; baseline 0 0"><span class='ocrx_word' id='word_1_246' title='bbox 0 0 1235 3916; x_wconf 95' lang='lat' dir='ltr'><strong><em> </em></strong></span> 
     </span>
    </p>
   </div>
  </div>
 </body>
</html>
