2454 3916
497 233 663 282 -Γ-

163 393 298 458 XXXV.
335 394 446 459 Ταῦτα
470 389 736 477 διαπραξάμενος
761 391 814 459 ε’πί
836 393 895 477 τῆς
919 393 1007 470 ἰδίας
1028 387 1087 478 ἄρ’·

72 502 133 585 χῆς
156 495 313 584 βασιλεὺς
335 496 462 591 Τύλλος
479 495 654 583 Ὁστίλιος,
678 495 765 585 ἀνὴρ
789 499 826 565 ἐν
846 494 973 584 ὀλίγοις
995 494 1088 578 άξιος

72 603 292 692 εὐλογεῖσθαι
314 608 372 692 τῆς
394 631 429 673 τε
453 602 628 691 εὐτολμίας
652 606 748 673 ἕνεκα
775 607 834 691 τῆς
860 601 944 692 πρὸς
965 602 1007 671 τὰ
1029 628 1087 673 πο-

72 713 170 798 λέμια
201 714 257 780 καί
287 717 346 799 τῆς
378 712 575 800 φρονήσεως
606 714 665 798 τῆς
691 712 766 797 περὶ
793 708 834 780 τά
862 709 972 795 δεινά,
1003 708 1087 799 ὑπὲρ

71 817 174 906 άμφω
200 818 237 887 δέ
259 823 377 905 ταῦτα,
406 816 458 887 ὅτι
488 816 528 887 ού
554 816 655 904 ταχύς
682 813 731 886 ύυ
760 822 807 898 εἰς
828 819 976 904 πόλεμον
1001 820 1115 886 ἰέναιι

72 929 210 1015 βέβαιος
236 918 280 1012 ἦν
308 924 471 1006 καταστάς
497 931 546 1006 εἰς
573 922 677 994 αὐτὸν
706 926 743 993 ἐν
772 922 875 992 άπασι
904 928 972 992 τῶν
996 921 1088 992 άυτι-

72 1033 192 1102 πάλων
213 1035 379 1122 προέχειν,
404 1038 458 1119 ἐτη
483 1031 521 1100 δὲ
538 1029 714 1119 κατασχὼν
736 1029 798 1118 τὴν
817 1028 924 1117 ἀρχὴν
947 1028 1011 1099 δύο
1033 1032 1088 1099 καὶ

72 1139 255 1227 τριάκοντα
276 1142 414 1229 τελευτᾷ
435 1136 497 1206 τὸν
518 1143 597 1224 βίον
620 1140 870 1226 ἐμπρησθείσης
892 1141 950 1225 τῆς
971 1142 1088 1223 οἰκίας,

71 1248 130 1316 καί
153 1244 217 1315 σδυ
241 1243 330 1337 αύτῷ
349 1244 438 1332 γυνή
460 1271 496 1312 τε
514 1242 771 1313 ἀπόλλυταικαὶ
793 1247 894 1313 τέκνα
912 1245 967 1312 καί
991 1242 1009 1312 ὁ
1032 1243 1089 1312 άλ-

72 1362 133 1433 λος
152 1350 312 1432 οἰκετικὸς
334 1349 420 1430 ἅπας
443 1349 541 1438 δχλος
562 1351 791 1437 καταληφθεὶς
808 1347 874 1419 ὑπὸ
893 1354 954 1419 τού
972 1349 1088 1436 πυρός.
1103 1370 1130 1412 10

73 1463 355 1548 καταπρησθῆναι
382 1458 420 1527 δὲ
445 1458 508 1546 τὴν
538 1462 648 1526 οἰκίαν
677 1461 712 1526 οἰ
737 1456 799 1545 μὲν
826 1453 891 1524 ὑπὸ
919 1458 1128 1541 κεραυνού2

73 1567 212 1652 λέγουσι
235 1570 438 1653 μηνίσαντος
460 1569 521 1633 τού
539 1568 625 1633 θεοῦ
645 1563 689 1632 δι’
712 1562 895 1653 ὀλιγωρίαν
920 1566 1019 1650 ἰερῶν
1042 1591 1089 1632 τι-

74 1699 148 1741 νων
168 1672 330 1761 (ἐκλιπεῖν
348 1669 411 1758 γάρ
437 1672 490 1739 ἐπὶ
508 1676 566 1759 τῆς
584 1668 688 1761 άρχῆς
705 1674 764 1758 τῆς
782 1673 915 1739 ἐκείνου
928 1675 1089 1758 πατρίους

74 1776 171 1858 τινδις
196 1785 335 1863 θυσίας,
364 1779 477 1868 ἑτέρας
499 1777 531 1845 δ’
559 1775 620 1866 ούχ
647 1775 863 1865 ὑπαρχούσας
891 1779 1089 1864 ἐπιχωρίους

69 1883 246 1972 Ῥωμαίοις
268 1885 508 1975 παραγαγεῖν),
538 1889 573 1953 οἰ
594 1885 632 1954 δὲ
654 1890 790 1965 πλείους
812 1886 846 1967 ἐξ
869 1883 1090 1972 ἀνθρωπίνης
1104 1897 1130 1939 15

26 1993 186 2079 115φασίν
210 1994 389 2079 ἐπιβουλῆς
415 1991 453 2061 τὸ
480 1991 593 2072 πάθος
619 1994 780 2078 γενέσθαι
808 1989 1025 2071 ἀνατιθέντες
1051 1989 1089 2060 τὸ

76 2103 177 2185 ἔργον
206 2104 349 2190 Μαρκίῳ
377 2103 423 2190 τῷ
453 2097 521 2186 μετ’
548 2101 679 2168 ἐκεῖνον
706 2097 844 2185 άρξαντι
873 2102 932 2185 τῆς
952 2098 1090 2185 πόλεως.

74 2208 198 2274 τοῦτον
225 2203 289 2294 γάρ
317 2207 353 2273 ἐκ
376 2209 434 2292 τῆς
458 2204 559 2292 Νόμα
582 2210 776 2293 Πομπιλίου
800 2203 972 2292 θυγατρὸς
993 2202 1129 2290 γενεά-3
1206 2208 1215 2225 ”

75 2337 181 2400 μενον
205 2309 378 2397 άχθεσθαί
396 2337 443 2398 τε,
467 2309 519 2380 ὅτι
542 2314 578 2379 ἐκ
595 2317 771 2398 βασιλείου
791 2312 913 2397 γένους
934 2308 1092 2396 πεφυκὼς

75 2415 178 2497 αὐτὸς
207 2416 342 2505 ἰδιώτης
368 2409 428 2505 ἦν,
455 2418 511 2485 καί
538 2418 638 2502 γε’νος
664 2414 927 2504 ἐπιτρεφόμενον
958 2413 1089 2504 δρῶντα
1104 2431 1130 2471 ²⁰

75 2528 122 2615 τῷ
155 2523 271 2615 Τύλλῳ
299 2522 425 2604 παντὸς
451 2523 593 2611 μάλιστα
622 2521 840 2608 ὑποπτεύειν,
868 2531 903 2590 εἰ
924 2549 957 2590 τι
983 2521 1090 2590 πάθοι

80 2629 208 2711 Τύλλος
240 2636 287 2711 εἰς
318 2628 397 2710 τοὺς
433 2631 565 2698 ἐκείνου
601 2631 724 2709 παῖδας
755 2627 848 2717 ἥξειν
880 2628 941 2716 τὴν
974 2625 1091 2716 ἀρχήν.

75 2740 180 2806 ταῦτα
214 2737 256 2825 δὴ
290 2735 537 2824 διανοούμενον
565 2740 602 2806 ἐκ
630 2739 759 2805 πολλοῦ
789 2734 978 2822 στήσασθαι
1007 2733 1091 2803 κατά

76 2848 138 2912 τοῦ
169 2846 334 2932 βασιλέως
369 2841 554 2930 ἐπιβουλὴν
589 2841 735 2922 πολλοὺς
772 2848 891 2930 ἔχοντα
917 2839 1091 2930 Ῥωμαίων

75 2948 156 3030 τοὺς
183 2948 552 3037 συγκατασκευάζοντας
579 2947 668 3040 αὐτῷ
695 2947 758 3036 τὴν
786 2953 1006 3035 δυναστείαν,
1035 2956 1089 3036 φί-
1103 2961 1130 3004 ²5

149 3088 259 3163 4παρ
244 3114 264 3148 α
286 3089 320 3148 τά
344 3089 426 3148 δεινά
450 3110 472 3148 ο.
498 3092 669 3161 Grasberger
692 3092 769 3148 Τοεε.
782 3091 940 3181 Herbipmp
956 3098 1008 3179 15,
1026 3093 1092 3161 περὶ

76 3185 100 3218 τ.
121 3166 145 3220 δ.
166 3165 276 3219 defend.
300 3163 380 3234 Tegg
382 3182 396 3219 e
421 3163 533 3230 διεκθεῖ.
557 3181 584 3233 p
606 3168 638 3218 12
656 3164 715 3218 not
796 3169 830 3217 10
848 3157 971 3232 5220st
951 3182 1027 3225 απας
1045 3113 1089 3234 BQ*

77 3236 274 3305 καταληφθεὶς
288 3234 341 3290 del.
353 3235 528 3291 GarrerObS.
538 3252 565 3304 p.
577 3239 610 3289 72
668 3239 700 3288 11
719 3234 903 3304 κεραυνῶνΒ
959 3239 992 3287 12
1007 3253 1092 3287 τινων

78 3303 163 3376 λερῶν
183 3307 206 3362 0
206 3306 381 3398 praeterB
460 3310 493 3359 15
515 3306 705 3377 παραγαγεῖν]
730 3305 1005 3391 παρειςαχθῇναιο
1031 3303 1091 3372 syl-

77 3379 150 3450 burg
165 3381 170 3448 Ι
187 3375 217 3432 οἰ
233 3394 287 3432 om.
307 3377 353 3431 Ba
426 3382 458 3431 16
478 3394 565 3445 φησιν
583 3379 609 3430 A
682 3383 715 3431 17
735 3372 832 3446 μάρκῳ
851 3376 877 3429 A
899 3377 929 3429 et
948 3374 988 3428 sic
1007 3391 1092 3446 saepe

77 3457 112 3505 20
143 3445 367 3534 ἐπιτρεφόμενον
389 3443 454 3501 B
440 3442 681 3533 υπογραφόμενον
703 3449 729 3502 R
809 3453 843 3501 23
869 3440 905 3514 δὴ
933 3446 956 3499 Β
984 3463 1038 3500 om.
1066 3447 1092 3500 R

78 3528 112 3577 25
133 3514 449 3590 συγκατασκευάζοντας
468 3521 490 3573 Β
509 3513 733 3584 συσκευάζοντας
750 3519 776 3572 R
