2454 3916
591 224 757 274 ..Γ-

164 389 226 449 λον
251 378 289 447 δὲ
312 377 394 448 ὄντα
411 383 472 447 τοῦ
495 378 627 448 Τύλλου
645 381 701 448 καὶ
720 381 758 447 έν
775 392 846 460 τοῖς
864 378 1007 467 μάλιστα
1025 382 1182 450 πιστευό-

165 513 270 574 μενον
304 484 485 573 φυλάττειν
519 483 573 555 ὅτε
604 484 736 575 καιρὸς
753 487 939 574 ἐπιτήδειος
969 495 1092 576 φανείη
1122 493 1184 577 τῆς

125 594 356 672 4έπιθέσεως.
401 594 582 678 μέλλοντος
612 592 649 660 δὲ
681 596 743 661 τοῦ
779 592 911 661 Τύλλου
943 601 1073 662 θυσίαν
1105 595 1184 664 τινά

58 756 67 764 .
164 697 235 768 κατ’
260 697 354 768 οἶκον
378 703 556 786 ἐπιτελεῖν,
579 696 624 786 ἣν
648 697 770 779 αὐτοὺς
788 699 897 786 μόνον
922 700 1079 788 ἐβούλετο
1103 702 1184 784 τοὺς

139 804 370 893 εάναγκαίους
406 808 550 892 εἰδέναι,
581 808 637 875 καὶ
669 804 752 874 κατὰ
785 811 930 894 δαίμονα
961 811 1020 894 τῆς
1057 806 1185 896 ἡμέρας

165 916 294 1001 ἐκείνης
316 919 486 1002 χειμερίου
510 914 645 1003 σφόδρα
667 914 851 1001 γενομένης
873 913 956 983 κατά
985 941 1021 983 τε
1045 913 1220 1003 ὅμβρονοῐι

164 1021 220 1089 καὶ
258 1020 360 1108 ζάλην
396 1021 451 1088 καί
489 1021 621 1107 σκότος,
659 1019 737 1089 ὥστ’
768 1026 894 1107 ἔρημον
927 1018 1183 1110 ἀπολειφθῆναι

163 1126 225 1195 τὸν
251 1125 316 1215 πρὸ
345 1130 404 1215 τῆς
433 1131 539 1208 οἰκίας
565 1127 671 1196 τόπον
698 1131 767 1196 τῶν
791 1127 1048 1214 φυλαττόντων,
1072 1130 1183 1217 ἐπιτη-

167 1237 260 1302 δειον
287 1230 572 1321 ὑπολαμβάνοντα
598 1233 659 1303 τὸν
685 1232 806 1323 καιρὸν
839 1232 907 1322 ἅμα
933 1243 1005 1314 τοῖς
1037 1235 1183 1324 ἑταίροις

127 1366 154 1408 10
167 1345 303 1428 ἔχουσιν
326 1337 391 1409 ὑπὸ
414 1354 487 1422 ταῖς
509 1346 703 1430 περιβολαῖς
725 1338 766 1410 τὰ
790 1343 868 1429 ξίφη
892 1349 1078 1428 παρελθεῖν
1102 1353 1181 1412 είσω

163 1451 231 1516 τῶν
259 1450 396 1536 θυρῶν,
424 1443 667 1516 ἀποκτείναντα
696 1446 733 1515 δέ
760 1444 821 1516 τὸν
850 1449 989 1533 βασιλέα
1014 1450 1073 1518 καὶ
1103 1448 1182 1530 τοὺς

163 1558 286 1635 παῖδας
308 1551 414 1624 αὐτοῦ
436 1554 493 1622 καὶ
515 1557 583 1623 τῶν
611 1552 725 1622 ἀλλων
753 1550 847 1634 ὅσοις
874 1555 1029 1640 ἐνέτυχεν
1054 1557 1182 1626 ἐνεῖναι

163 1665 230 1747 πῦρ
259 1665 306 1742 είς
333 1659 395 1747 τὴν
424 1665 535 1729 οίκίαν
563 1657 646 1730 κατὰ
673 1657 819 1738 πολλοὺς
846 1658 985 1746 τόπους,
1013 1665 1121 1730 ταῦτα
1144 1663 1182 1732 δὲ

163 1765 389 1855 πράξαντα
357 1794 418 1836 τον
445 1765 528 1855 ὑπὲρ
555 1793 615 1854 της
640 1764 881 1854 κεραυνώσεως
908 1770 1102 1855 διασπεῖραι
1127 1769 1180 1839 λό-

124 1853 238 2004 ὃδγον
283 1871 347 1961 ἐγὼ
373 1874 410 1942 δὲ
432 1878 555 1943 τοῦτον
578 1874 640 1960 μὲν
665 1871 706 1942 οὐ
731 1871 925 1961 δέχομαι
891 1900 952 1942 τον
976 1873 1081 1960 λόγον
1107 1874 1178 1944 ουτ’

164 1978 277 2068 ἀληθη
301 1984 447 2068 νομίζων
468 1978 545 2049 οὔτε
562 1979 724 2067 πιθανόν,
746 1983 792 2072 τῷ
817 1979 855 2048 δε
877 1983 1028 2109 προτέρῳ
1050 1985 1180 2068 μᾶλλον

163 2087 428 2178 προστιθέμενος
449 2085 533 2156 κατὰ
562 2091 707 2174 δαίμονα
734 2048 858 2174 νομίζω
884 2085 945 2156 τὸν
968 2085 1081 2175 ἀνδρα
1103 2089 1180 2158 ταύ-

38 2196 47 2213 ’
162 2223 221 2282 της
247 2199 306 2283 τῆς
333 2199 488 2282 τελευτῆς
514 2208 638 2282 τυχεῖν.
692 2191 768 2262 οὔτε
799 2192 864 2283 γὰρ
893 2191 1088 2284 ἀπόρρητον
1117 2223 1179 2283 φυ-

163 2307 333 2391 λαχθῆναι
365 2300 427 2389 τὴν
459 2303 580 2389 πρᾶξιν
617 2298 683 2370 ὑπὸ
719 2305 855 2369 πολλῶν
888 2305 1179 2433 συσκευαζομένην

123 2435 150 2474 το
163 2401 294 2490 είκὸς
274 2438 334 2497 ην,
364 2406 440 2478 οὔτε
462 2435 507 2500 τω
533 2407 736 2495 συστησαντι
766 2406 873 2496 αὐτην
895 2401 1079 2495 βέβαιον
1058 2437 1103 2496 ην
1128 2408 1178 2480 ὅτι

163 2514 243 2605 μετὰ
266 2543 329 2605 την
347 2477 513 2584 Οστιλίάν
530 2512 689 2600 τελευτην
711 2517 841 2619 ἐκεῖνον
865 2511 1083 2596 ἀποδείξουσι
1102 2514 1178 2584 Ρω-

163 2638 256 2709 μαῖοι
283 2623 423 2709 βασιλέα
449 2625 509 2708 τῆς
535 2619 677 2706 πόλεως,
712 2612 783 2688 οὐτ’
813 2624 845 2688 εί
870 2618 911 2689 τὰ
937 2619 1016 2709 παρ’
1042 2619 1178 2709 ἀνθρώ-

162 2755 236 2799 πων
260 2728 349 2820 αάτῷ
373 2725 473 2797 πιστὰ
495 2729 551 2795 καὶ
574 2717 736 2814 βέβαια
715 2753 775 2813 ην,
797 2726 838 2794 τά
860 2727 902 2812 γε’
920 2753 974 2795 τοι
994 2726 1087 2813 παρά
1109 2733 1177 2798 τῶν

122 2840 255 2977 6θεῶν
284 2833 384 2923 ὅμοια
418 2840 532 2921 ἔμελλε
559 2846 631 2913 ταῖς
662 2829 897 2917 ἀνθρωπίναις
927 2831 1082 2919 ἀγνοίαις
1110 2842 1177 2904 ἔσε-

234 3130 596 3204 ΙδδΒτεΒΙὲντὸςΑ
668 3128 865 3219 3δδ]ηάρο.
885 3133 988 3190 Reiske
1062 3131 1176 3223 4ἣνΒ

162 3226 217 3266 om
235 3210 261 3264 R
324 3207 517 3263 ὅκαλΒοιο
531 3207 557 3260 R
573 3206 576 3278 λ
593 3208 716 3331 δαίμονα
734 3206 757 3260 Β
775 3200 864 3274 τύχην
882 3205 908 3259 R
975 3212 990 3260 7
1011 3203 1176 3264 *σκότονΟ

163 3287 196 3335 12
215 3274 300 3342 ὅσους
319 3297 352 3404 οῖ
361 3279 463 3334 Reiske
479 3281 484 3348 Ι
501 3227 675 3346 ἔτυχενΟμέ
676 3275 795 3346 νέτυχεν
813 3277 920 3346 Kayser
933 3278 1005 3332 Ann
1019 3279 1093 3370 phil.
1109 3287 1174 3336 1861

161 3347 281 3423 6916
283 3347 398 3406 νεῖναι
421 3351 467 3405 Ba
496 3345 604 3404 ἕνειναι
626 3348 675 3403 Bb
708 3344 831 3402 εἶναιῖλ
918 3353 949 3403 15
974 3346 1027 3418 μὲν
1050 3349 1114 3408 06.
1130 3352 1176 3406 .B

162 3429 196 3477 16
219 3442 253 3477 νο
254 3425 341 3492 μίζων
364 3421 466 3477 Reiske
495 3421 597 3505 νομίζρι
622 3417 645 3473 0
667 3421 671 3486 Ι
692 3413 760 3474 οάδε
784 3419 807 3472 Β
884 3424 918 3474 20
941 3409 977 3488 ἦν
1000 3421 1093 3478 altero
1113 3392 1175 3478 1600

162 3511 215 3548 om
235 3443 274 3549 Ομ
276 3496 357 3563 praet
358 3512 387 3550 er
345 3493 427 3549 B
500 3497 534 3547 21
554 3486 606 3560 τὴν
625 3485 757 3558 τελευτὴν
776 3483 899 3544 ἀοτιλίου
918 3491 943 3545 Α
