2454 3916
133 213 199 278 300
556 217 723 267 -r-

131 380 275 460 θυμίας,
302 372 429 461 χρόνον
452 371 627 463 ᾐτησάμην
657 377 704 453 είς
730 372 860 461 βουλήν
887 372 1064 461 ἀνακωχὰς
1093 377 1193 448 δε-ιοο

131 481 297 568 χημέρους
323 480 566 569 ποιησάμενος·
598 477 644 559 ὡς
676 479 715 548 δὲ
745 478 917 569 ἀφικόμην
951 484 1053 569 δεῦρο
1086 481 1148 568 τήν

132 587 262 675 βουλήν
291 587 498 658 συνεκάλεσα
524 589 581 657 καὶ
607 586 788 676 προῦθηκα
814 588 890 677 περὶ
912 592 973 657 τοῦ
997 587 1148 677 πράγμα-

131 721 188 776 τος
215 697 252 765 έν
279 698 383 787 κοινῷ
408 707 559 763 σκοπεῖν·
597 694 701 776 δόξαν
734 695 771 764 δὲ
802 708 875 776 ταῖς
903 698 1034 763 πλείοσι
1062 695 1149 782 γνά-

92 825 105 866 ε
133 830 226 890 μαις,
254 807 285 870 εί
310 801 373 890 μὲν
402 800 533 883 ἑκόντες
560 799 786 890 ἀναδέχοισθε
812 801 874 871 τὸν
904 799 1020 889 ἀγῶνα
1042 802 1149 872 καλὸν

132 908 215 979 ὄντα
241 909 298 977 καὶ
324 908 538 997 προσήκοντα
565 906 663 997 ὑμῖν,
692 906 733 978 δν
762 907 826 997 ἐγὼ
853 910 1032 999 πρόθυμος
1059 909 1150 998 ήμην

132 1015 238 1103 μόνος
259 1013 342 1102 ὑπὲρ
367 1013 526 1084 ἁπάντων
549 1019 839 1102 διαγωνίσασθαι,
862 1017 1014 1086 ἐπαινεῖν
1035 1019 1150 1086 τεκαὶ

133 1123 291 1208 δέχεσθαι
318 1120 381 1209 τήν
409 1120 509 1209 χάριν
537 1119 649 1209 ὑμῶν,
677 1126 709 1191 εί
731 1122 769 1191 δὲ
795 1120 833 1191 τὸ
857 1121 1018 1210 συγγενὲς
1040 1125 1149 1213 ἐντρε-

131 1226 274 1315 πόμενοι
297 1232 439 1316 μίασμα,
463 1226 504 1297 οὐ
528 1228 593 1319 γάρ
618 1227 660 1317 δή
683 1230 780 1297 κακοὶ
806 1227 917 1317 ψυχήν
942 1227 1150 1317 ὁμολογοῦν-

92 1359 118 1400 10
131 1362 185 1415 τες
207 1332 306 1420 εἶναι,
329 1333 408 1416 τοὺς
431 1337 493 1418 ἔξω
515 1340 577 1406 τοῦ
599 1338 721 1423 γένους
739 1333 916 1417 ἀξιώσαιτε
936 1345 1065 1424 καλεῖν,
1089 1365 1149 1426 μη-

132 1445 253 1530 δεμίαν
275 1440 357 1531 ὑμῖν
381 1440 533 1530 ἀνάγκην
552 1446 767 1532 προσφέρειν.
810 1446 915 1512 ταῦτα
935 1447 996 1530 τῆς
1018 1448 1192 1532 βουλήςῖσι

131 1551 368 1636 ψηφισαμένης
393 1550 450 1618 καὶ
478 1548 555 1618 οὔτε
584 1547 668 1637 πρὸς
698 1546 805 1638 ὀργήν
834 1550 1015 1637 δεξομένης
1043 1554 1075 1618 εί
1102 1550 1147 1620 δι’

132 1653 237 1725 ὄκνου
259 1654 297 1725 τὸ
322 1661 423 1742 ἔργον
446 1654 581 1743 λάβοιτε
605 1654 682 1724 οὔτε
705 1655 828 1743 μικρὰν
850 1653 950 1744 χάριν
973 1658 1150 1746 εἰσομένης

131 1759 213 1849 ὑμῖν
246 1765 277 1830 εί
308 1762 507 1851 τιμιωτέραν
541 1760 730 1849 ἡγήσαισθε
765 1765 824 1848 τής
858 1767 1055 1850 συγγενείας
1086 1764 1149 1852 τήν

92 1889 118 1931 15
131 1872 290 1955 πατρίδα,
313 1866 494 1955 τυγχάνετε
517 1859 555 1936 εὖ
578 1867 855 1956 βουλευσάμενοι.

221 1974 325 2040 XVII.
343 1970 402 2052 Ὡς
421 1970 462 2059 δή
481 1970 574 2041 ταῦτ’
592 1972 742 2060 ἥκουσαν
760 1977 796 2042 οί
811 1978 954 2061 νεανίαι,
968 1977 1149 2063 μεταστάν-

42 2083 44 2086 ’
131 2105 184 2160 τες
211 2079 351 2167 ἑτέρωσε
382 2080 439 2147 καὶ
473 2082 707 2167 διαλεχθέντες
739 2078 836 2168 ὀλίγα
866 2079 951 2170 πρὸς
983 2081 1150 2172 ἀλλήλους

131 2185 374 2276 προσέρχονται
403 2186 505 2256 πάλιν
538 2185 824 2277 ἀποκρινούμενοι
854 2188 911 2256 καί
942 2191 1032 2275 λέγει
1065 2189 1148 2280 ὑπὲρ

132 2290 291 2362 ἁπάντων
320 2290 338 2361 ὁ
367 2292 595 2380 πρεσβύτατος
620 2292 750 2362 τοιάδε·
786 2297 832 2361 El
861 2293 923 2381 μὲν
955 2297 1150 2387 ἐλευθέροις

92 2409 119 2462 νο
132 2396 213 2488 ἡμῖν
244 2391 321 2467 οὖσι
352 2400 409 2468 καὶ
445 2404 576 2489 κυρίοις
611 2403 671 2486 τῆς
705 2403 793 2479 ίδίας
824 2399 960 2488 γνώμης
974 2403 1149 2511 ἐξουσίαν

130 2520 298 2594 παρεῖχες,
336 2498 362 2574 ἀ
404 2505 511 2575 Τύλλε
518 2557 528 2593 ,
564 2501 821 2593 βουλεύσασθαι
856 2508 932 2596 περὶ
968 2512 1029 2578 τοῦ
1066 2509 1150 2599 πρὸς

130 2612 211 2695 τοὺς
247 2611 409 2696 ἀνεψιοὺς
444 2610 593 2700 ἀγῶνος,
635 2610 742 2682 οὐθὲν
782 2619 831 2682 έτι
869 2613 1150 2702 διαμελλήσαντες

131 2718 385 2809 ἀπεκρινάμεθα
424 2718 468 2789 ἀν
512 2740 568 2789 σοι
607 2718 687 2800 τοὺς
729 2719 858 2789 ἑαυτῶν
896 2723 1149 2810 διαλογισμούς·

132 2824 244 2914 ἐπειδή
279 2826 317 2895 δὲ
345 2830 514 2915 περίεστιν
546 2824 628 2913 ήμῖν
659 2824 677 2895 ὁ
708 2826 832 2915 πατήρ,
865 2818 907 2895 οὗ
933 2828 1036 2916 χωρὶς
1069 2827 1150 2900 οὐδὲ

91 2953 117 2995 εε
130 2930 311 3020 τάλάχιστα
334 2933 445 3020 λέγειν
469 2929 490 3021 ή
513 2933 670 3023 πράττειν
698 2932 873 3022 ἀξιοῦμεν,
901 2934 1090 3024 αἰτούμεθά
1113 2957 1150 3006 σε

204 3082 218 3130 1
238 3069 429 3145 ἀναχωκδιςῖλ
447 3070 555 3146 ἀνοχάς
568 3077 592 3130 Β
665 3081 734 3131 1-2
748 3077 836 3133 verba
853 3071 962 3147 ἀνοχάς
971 3107 1005 3116 -
1015 3074 1069 3147 τήν
1083 3080 1149 3150 βον-

130 3141 186 3236 λήιχ
203 3161 257 3202 om.
276 3147 331 3216 Ba,
350 3147 528 3230 add.·n1·anus
542 3146 633 3202 altera
645 3146 676 3202 iu
690 3147 819 3234 marginq
887 3153 903 3202 2
922 3143 1150 3236 ποιησόμεχοςδ

131 3216 306 3345 λικε
319 3217 1154 3378 ἕνα,ιειάη,μισέλληναγη

132 3362 235 3416 σαισθε
255 3358 389 3445 Sylburg,
412 3363 557 3429 ηγησεσθε
576 3359 599 3413 Β
623 3365 784 3430 ηγησεσθαι
801 3364 827 3417 Α
904 3366 938 3416 15
959 3363 1149 3435 βουλευσάμε-

131 3449 177 3485 νοι
195 3431 218 3484 Β
238 3432 457 3502 βουλευσομενοι
474 3431 500 3485 R
555 3437 588 3486 16
607 3431 737 3487 ταῦταΑ
791 3437 825 3488 21
844 3429 935 3488 τάλλιε
949 3437 975 3488 A
1030 3439 1066 3488 23
1080 3429 1149 3488 ἀπε-

131 3495 285 3573 κρινάμεθ’
306 3495 361 3557 δινῖ
433 3507 468 3558 26
487 3497 645 3573 ἀξιοδμ<εν
664 3497 848 3576 αί>τοάμεθα
865 3504 889 3557 Β
