2454 3916
580 211 745 261 ..A-

155 373 304 441 τέθειται
325 374 387 438 τοῦ
414 397 449 439 τε
477 366 643 455 ἀσβέστου
670 366 820 456 πυρὸςδγ
849 368 985 458 φυλακὴ
1007 371 1065 439 καί
1090 380 1124 440 εί
1140 399 1171 441 τι

156 476 238 544 ἀλλο
262 476 514 565 θρησκεύεσθαι
541 479 587 567 τῷ
610 478 714 566 κοινῷ
739 473 795 543 διά
817 477 1002 563 παρθένων
1026 476 1171 566 νόμιμον

116 586 139 650 4
156 574 210 670 ἦν.
252 588 388 678 ἔπραττρ
408 583 445 651 δὲ
466 580 619 670 Ἀμόλιος
635 585 735 650 τοῦτο
755 580 824 669 μετ’
847 580 1025 670 ὀνομάτων
1047 588 1172 671 καλῶν,

158 687 203 770 ὡς
224 689 325 778 τιμὴν
347 694 392 782 τῷ
416 690 507 776 γένει
529 690 585 757 καί
612 688 741 776 κόσμον
764 691 949 774 περιτιθεὶς
972 688 1050 759 οὔτε
1073 689 1174 770 αὐτὸς

129 795 420 884 οείσηγησάμενος
442 794 503 865 τόν
526 795 635 883 νόμον
653 794 755 863 τόνδε
774 793 851 864 οὔτε
868 800 973 888 κοινῷ
992 795 1068 866 όντι
1087 802 1173 886 πρωὶ

155 929 216 971 τον
245 901 438 990 ἀναγκάσας
463 906 532 971 τῶν
561 904 598 970 έν
628 900 790 989 ἀξιώματι
818 906 965 991 χρῆσθαι
992 902 1055 973 τόν
1079 901 1174 973 ἀδελ-

157 1009 242 1097 φόν,
266 1012 303 1078 έν
332 1014 404 1077 ἔθει
433 1008 471 1077 δὲ
497 1023 569 1088 τοῖς
587 1006 762 1094 Ἀλβανοῖς
788 1010 844 1076 καὶ
872 1011 909 1077 έν
936 1014 1027 1103 καλῷ
1052 1007 1096 1079 όν
1118 1009 1174 1091 τάς

158 1113 394 1202 εὐγενεστάτας
421 1113 689 1184 ἀποδείκνυσθαι
716 1113 820 1202 κόρας
850 1119 910 1203 της
934 1113 1068 1197 Ἑστίας
1095 1141 1173 1206 προ-

158 1221 292 1302 πόλους.
335 1220 352 1290 ὁ
378 1220 415 1289 δὲ
434 1224 594 1309 Νεμέτωρ
617 1220 824 1309 αἰσθόμενος
843 1219 904 1290 οὐκ
925 1220 990 1291 ἀπὸ
1013 1227 1078 1292 τοῦ
1099 1231 1216 1312 fiel-195

120 1347 146 1387 1⁰
159 1334 275 1398 τίστου
297 1332 401 1397 ταῦτα
424 1326 612 1415 πράττοντα
634 1324 695 1396 τὸν
718 1325 869 1416 ἀδελφὸν
896 1325 1002 1417 ὀργὴν
1021 1327 1175 1419 φανεράν

160 1432 222 1503 οὐκ
245 1437 404 1519 ἐποιεῖτο,
427 1437 484 1501 ἵνα
508 1431 553 1520 μὴ
575 1436 621 1524 τῷ
646 1432 740 1524 δήμῳ
764 1431 958 1521 ἀπέχθοιτο,
981 1432 1175 1525 ἀπόρρητον

160 1540 198 1609 δὲ
220 1542 276 1609 καί
298 1545 398 1610 τοῦτο
422 1538 586 1627 ἐφύλαττε
608 1538 646 1607 τὸ
673 1545 827 1627 ἔγκλημα.

248 1649 411 1716 LXXVII.
447 1645 599 1737 Τετάρτῳ
620 1642 651 1712 δ’
671 1643 817 1734 ὕστερον
836 1651 900 1715 ἔτει
923 1645 986 1734 τὴν
1001 1646 1107 1717 Ἰλίαν
1127 1653 1180 1721 έλ-.

159 1758 295 1822 θοῦσαν
314 1759 362 1833 είς
385 1752 478 1841 ίερόν
502 1752 604 1832 ἀλσος
617 1751 736 1839 Ἀρεος
757 1750 882 1833 ἀδατος
904 1750 1013 1839 ἁγνοῦ
1035 1760 1178 1843 κομιδῆς

120 1886 146 1926 15
161 1863 269 1945 ἕνεκα,
292 1851 319 1952 ᾦ
342 1858 425 1948 πρὸς
448 1858 506 1940 τάς
524 1865 649 1938 θυσίας
672 1863 786 1946 ἔμελλε
804 1860 1008 1947 χρησασθαι,
1030 1862 1182 1949 βιάζεταί

159 1993 210 2047 τις
233 1969 270 2035 έν
292 1971 337 2058 τῷ
361 1969 499 2054 τεμένει.
540 1970 662 2034 τοῦτον
687 1968 727 2034 δέ
747 1990 837 2046 τινες
860 1966 921 2052 μὲν
944 1965 1179 2054 ἀποφαίνουσι

159 2078 229 2142 τῶν
253 2071 455 2161 μνηστήρων
484 2074 543 2141 ἕνα
571 2073 733 2158 γενέσθαι
760 2076 819 2159 τῆς
840 2072 945 2162 κόρης
968 2075 1099 2162 ἐρῶντα
1122 2080 1180 2164 τῆς

159 2185 347 2267 παιδίσκης,
368 2183 402 2248 οί
419 2180 457 2247 δὲ
477 2177 584 2248 αὐτὸν
600 2177 757 2265 Ἀμόλιον
772 2177 835 2247 οὐκ
853 2182 1035 2268 ἐπιθυμίας
1048 2185 1180 2269 μᾶλλον

160 2285 180 2376 ἢ
206 2290 384 2374 ἐπιβουλῆς
411 2288 507 2355 ἕνεκα
535 2284 752 2374 φραξάμενόν
779 2312 815 2354 τε
843 2283 959 2368 ὅπλοις
988 2284 1033 2368 ὡς
1062 2290 1179 2377 ἐκπλη-

121 2420 147 2461 ιο
159 2394 359 2474 κτικοότατος
382 2392 598 2482 ὀφθήσεσθαι
618 2398 732 2480 ἔμελλε
751 2391 864 2461 καὶτὸ
884 2397 943 2480 της
962 2392 1074 2477 ὅψεως
1091 2395 1179 2483 γνά-

161 2530 263 2591 ριμου
296 2506 343 2581 είς
375 2499 501 2588 ἀσαφὲς
532 2497 576 2580 ὡς
608 2498 751 2587 μάλιστα
783 2498 927 2585 ἐδύνατο
954 2500 1179 2571 καθιστάντα

121 2613 197 2680 2οί
223 2607 261 2676 δὲ
287 2615 436 2676 πλεῖστοι
467 2609 703 2694 μυθολογοῦσι
736 2609 797 2673 τοῦ
828 2609 990 2692 δαίμονος
1021 2611 1179 2696 είδωλον,

162 2708 204 2783 οὗ
227 2713 265 2783 τὸ
288 2719 414 2802 χωρίον
437 2705 493 2800 ἦν,
516 2710 623 2781 πολλά
643 2714 699 2781 καὶ
722 2710 806 2780 ἀλλα
829 2716 874 2803 τῷ
893 2711 998 2779 πάθει
1017 2714 1180 2802 δαιμόνια

162 2826 244 2910 ἔργα
259 2818 549 2908 <προσάπτοντες>
559 2816 659 2905 ἡλίου
671 2845 706 2886 τε
721 2816 916 2905 ἀφανισμὸν
930 2821 1111 2906 αἰφνίδιον
1124 2822 1180 2890 καί

153 2973 164 2990 ’
235 2977 315 3050 λδὲ]
335 2974 371 3048 δὴ
392 2996 414 3034 ο.
434 2979 573 3033 Biieheler
632 2979 758 3034 9ταῦτα
777 2972 829 3033 οόκ
848 2972 905 3032 ἀπὸ
925 2979 976 3033 τοῦ
997 2981 1179 3052 βελτίστουΒ

165 3059 198 3107 10
218 3046 306 3121 ὀργὴν
325 3047 377 3120 μὲν
397 3067 419 3105 ο.
440 3050 529 3104 Cobet
548 3049 612 3104 Oba.
636 3069 664 3120 p.
685 3055 719 3104 35
747 3066 757 3088 ·
793 3056 826 3103 12
849 3049 933 3104 τοῦτο
957 3048 1083 3121 ἔγκλημα
1109 3048 1180 3122 ἑφό-

164 3129 245 3178 λαττε
264 3124 290 3177 Α
307 3121 391 3176 τοῦτο
411 3116 583 3190 ἐφυλάττετο
601 3120 634 3176 τὸ
653 3116 731 3190 έγ.Β
750 3137 819 3176 corr.
840 3120 928 3175 Oobek
944 3121 962 3176 l.
978 3121 997 3176 l.
1060 3127 1094 3176 1⁶
1113 3118 1180 3193 χρή-

164 3198 272 3250 σασθαι
290 3193 312 3247 Β
331 3193 456 3261 χρῆσθαι
474 3193 500 3246 R
573 3199 605 3246 17
624 3192 675 3261 τῆς
693 3187 780 3259 κόρης
804 3191 858 3246 del.
876 3192 1022 3262 Bflcheler,
1045 3193 1097 3262 τῆς
1113 3213 1180 3249 παι-

163 3269 262 3335 δίσκης
281 3265 335 3319 del.
356 3264 467 3333 Sauppe
485 3263 557 3332 Eph.
578 3262 655 3318 Gott.
671 3268 739 3318 1861
759 3281 787 3333 p.
804 3267 881 3331 1864,
901 3258 1010 3331 ἐρῶντα
1027 3283 1051 3320 τ.
1070 3282 1103 3321 π.
1127 3264 1180 3319 del

164 3338 275 3394 Urlichs
293 3336 349 3391 Εοε
367 3336 379 3389 Ι
397 3353 425 3405 p.
445 3340 498 3389 324
572 3340 604 3390 19
624 3331 666 3396 οἷς
684 3329 722 3395 ὡς
741 3351 763 3390 ο.
778 3334 921 3388 Meutzner
934 3335 1007 3390 Ann.
1021 3335 1095 3404 phil.
1110 3340 1180 3392 18‘1‘1

163 3429 190 3480 p.
206 3416 258 3466 830
303 3413 401 3476 22—p.
418 3411 468 3461 125
487 3411 502 3460 5
522 3407 653 3474 corrupta
667 3407 762 3461 censet
775 3405 919 3459 Meutzner
931 3405 950 3460 1.
965 3405 984 3460 l.
1040 3411 1075 3461 24
1093 3424 1181 3476 προτ-

163 3477 302 3543 άπτοντες
320 3478 384 3534 add.
405 3477 584 3533 Casaubonus
602 3493 655 3532 om.
677 3476 698 3531 Ο
716 3478 720 3546 Ι
737 3475 882 3545 αίφνίδιον
900 3491 954 3531 om.
974 3477 999 3531 A
