2454 3916
493 225 658 279 ..Β-

66 383 197 470 νόμους
219 381 287 470 ἀμα
313 398 384 464 τοϊς
412 383 617 464 ἐπεισάκτοις
645 387 681 453 έν
706 383 814 475 ἀγορῆι
841 394 956 453 θείναι
979 370 1108 472 φανεᾪ

66 488 148 576 ροὺς
178 487 279 557 ἅπασι
308 503 377 570 τοῖς
404 496 570 576 πολίταις,
602 494 660 559 ἵνα
688 490 732 578 μῆ
762 497 1012 581 συμμεταπίπτῃ
1040 491 1080 560 τά

64 595 165 664 κοινά
185 599 296 664 δίκαια
315 611 387 676 ταῖς
409 601 477 665 των
500 595 676 684 ἀρχόντων
700 601 877 684 ἐξουσίαις,
902 602 937 667 oc
957 599 1080 686 λαβόν-

64 730 117 783 τες
140 701 230 790 παρὰ
253 708 313 771 τοῦ
338 703 449 791 δῆμον
471 703 533 791 τῆν
558 707 714 785 ἐξουσίαν
742 709 801 791 τῆς
823 709 1023 792 συναγωγῆς
1044 733 1079 775 τε

63 809 119 877 καὶ
149 807 350 897 ἀναγραφῆς
377 807 488 878 αὐτῶν
518 812 597 879 δέκα
625 809 748 899 ἀνδρες
776 810 844 899 ἀμα
867 826 937 892 τοϊς
965 810 1104 893 ἀλλοις5

64 914 262 1004 ἀνέγραψαν
287 917 418 1003 νόμοις,
448 917 502 984 καὶ
532 922 622 985 ἔστιν
647 919 684 985 ἐν
707 922 747 1006 τῆ
774 918 912 1008 τετάρτῃ
935 922 1004 987 τῶν
1027 926 1079 987 λε-

55 1025 221 1114 γομένων
246 1022 376 1111 δώδεκα
396 1025 534 1110 δέλτων,
558 1020 598 1104 ἀς
622 1023 789 1093 ἀνέθεσαν
813 1027 851 1093 ἐν
870 1024 985 1117 ἀγορᾷ.
1028 1023 1079 1121 ὅτι
1098 1017 1120 1082 4

65 1128 98 1197 δ’
126 1128 186 1216 οὐχ
211 1133 246 1197 οί
267 1128 389 1217 ἀνδρες
412 1132 491 1198 δέκα
520 1134 555 1198 οί
574 1137 779 1219 τριακοσίοις
805 1136 913 1201 έτεσιυ
935 1131 1079 1221 ὕστερον

64 1236 323 1323 ἀποδειχθέντες
343 1238 394 1304 έπί
418 1235 479 1324 τῆν
498 1236 701 1325 ἀυαγραφῆυ
726 1243 794 1306 των
817 1238 935 1327 νόμων
952 1244 1079 1332 πρῶτοι

63 1347 187 1412 τοῦτον
205 1343 425 1430 εἰσηγήσαντο
444 1344 504 1412 τὸν
528 1344 636 1431 νόμον
650 1343 836 1431 Ῥωμαίοις,
851 1343 923 1413 ἀλλ’
945 1348 981 1414 ἐκ
998 1354 1078 1414 πολ·
1093 1364 1120 1404 1⁰

65 1453 128 1517 λοῦ
155 1454 311 1537 κείμενον
338 1451 589 1537 παραλαβόντες
622 1449 683 1519 οὐκ
715 1451 902 1537 ἐτόλμησαν
934 1450 1078 1539 ἀνελείν,

65 1559 100 1624 ἐκ
123 1562 258 1625 πολλῶν
286 1556 347 1644 μὲν
375 1558 430 1624 καὶ
458 1555 570 1626 ἀλλων
599 1556 913 1645 καταλαμβάνομαι,
937 1557 1079 1645 μάλιστα

65 1662 96 1731 δ’
118 1665 154 1732 ἐκ
172 1667 240 1732 τῶν
255 1662 357 1751 Νόμα
372 1669 567 1751 Πομπιλίου
584 1668 645 1732 τοῦ
668 1662 748 1751 μετά
762 1662 939 1756 Ῥωμύλον
957 1663 1078 1752 ἀρξαν-

65 1797 121 1850 τος
149 1770 281 1856 νόμων,
310 1772 346 1838 ἐν
376 1764 427 1849 οἷς
453 1771 509 1838 καί
538 1761 636 1850 οὗτος
662 1773 859 1860 γέγραπται·
883 1767 942 1838 ἐάυ
969 1773 1078 1858 πατῆρ

65 1881 126 1968 υἱῷ
152 1876 352 1965 συγχωρήσῃ
380 1891 524 1963 γυναῖκα
552 1876 739 1963 ἀγαγέσθαι
768 1876 939 1946 κοινωνόν
964 1879 1077 1964 ἐσομέ-
1093 1895 1118 1935 1⁵

64 2010 129 2070 υηυ
154 1987 254 2071 ίερῶυ
277 1985 386 2051 τεκαὶ
406 1984 584 2072 χρημάτων
602 1981 685 2052 κατά
704 1982 783 2063 τοὺς
805 1981 944 2069 νόμους,
963 1984 1079 2071 μηκέτι

64 2088 125 2177 τῆν
148 2092 304 2171 ἐξουσίαν
333 2087 419 2157 εἶναι
449 2095 494 2180 τῷ
517 2090 616 2176 πατρὶ
641 2097 766 2157 πωλεῖν
789 2087 850 2158 τὸν
874 2089 968 2158 υίόυ·
997 2086 1078 2178 ὅπερ

66 2195 126 2265 οάκ
155 2191 198 2264 ἀν
228 2202 372 2284 ἔργαψεν
400 2200 432 2264 εί
457 2196 501 2283 μῆ
528 2194 610 2264 κατά
638 2194 716 2275 τοὺς
743 2197 928 2283 προτέρους
951 2195 1079 2283 νόμους

34 2303 214 2383 σεάπαυτας
233 2306 310 2390 ἐξῆν
329 2308 375 2395 τῷ
390 2304 494 2391 ,πατρὶ
511 2310 636 2370 πωλεῖν
656 2301 735 2381 τοὺς
753 2301 857 2381 υίοός.
894 2300 970 2369 ἀλλ’
991 2299 1076 2391 ὑπὲρ
1096 2303 1117 2367 5

64 2411 126 2498 μὲν
150 2411 279 2479 τούτων
302 2409 386 2495 ἀλις,
409 2410 575 2497 βούλομαι
599 2408 636 2476 δέ
659 2409 714 2475 καὶ
737 2406 797 2476 τὸν
821 2406 925 2476 ἀλλον
950 2409 1002 2475 ἐπὶ
1025 2434 1076 2475 κε-
1091 2434 1118 2475 ιο

64 2522 219 2604 φαλαίαν
252 2520 401 2584 διελθεῖν
434 2515 578 2602 κόσμον,
611 2505 638 2606 ᾦ
673 2513 752 2593 τοὺς
783 2518 850 2582 των
884 2517 1029 2582 ἰδιωτῶν
1058 2513 1075 2583 ὁ

60 2620 227 2711 Ῥωμύλος
251 2620 413 2709 ἐκόσμησε
435 2628 541 2708 βίους.

78 2777 101 2826 >
153 2731 305 2797 XXVHI.
328 2726 435 2816 Ὁρῶν
459 2728 524 2816 γάρ
549 2725 599 2796 ότι
622 2726 659 2795 τὸ
682 2725 866 2814 σωφρόνως
890 2729 949 2811 ζῆν
972 2724 1076 2795 ἀπαν-

63 2863 120 2914 τας
139 2837 195 2903 καὶ
213 2833 253 2902 τά
278 2838 390 2902 δίκαια
412 2834 476 2923 πρὸ
501 2838 568 2903 τῶν
592 2835 781 2920 κερδαλέων
805 2835 975 2920 αἱρεῖσθαι
998 2861 1076 2922 καρ-

62 2949 176 3030 τερίαν
209 2969 244 3010 τε
271 2940 332 3028 τῆν
359 2940 448 3028 παρὰ
476 2940 555 3020 τοὺς
581 2941 710 3020 πόνους
737 2938 851 3008 ἀσκεῖν
880 2940 936 3008 καὶ
969 2943 1075 3028 μηδὲν
1090 2967 1116 3007 νε

63 3047 315 3136 ὑπολαμβάυειυ
352 3052 461 3136 χρῆμα
497 3047 693 3136 τιμιώτερον
731 3045 849 3135 ἀρετῆς
886 3046 927 3116 οό
963 3048 1075 3136 λόγων

135 3285 151 3334 8
171 3279 243 3335 δέκα
267 3277 296 3334 οί
316 3275 471 3369 τριακόσιοι
496 3274 612 3349 ὕστερον
635 3283 660 3334 Α
688 3278 717 3336 οί
734 3275 835 3350 ἀνδρες
859 3276 889 3334 οί
905 3278 985 3346 δέκα,
1005 3278 1032 3332 οἳ
1051 3297 1073 3334 ο.

63 3353 166 3407 Reieke
187 3347 216 3404 οί
238 3353 309 3406 δέκα
333 3354 435 3420 ανδρες
458 3369 480 3406 ο.
501 3350 589 3407 Cobet
612 3352 677 3406 obs.
697 3371 723 3422 p.
743 3359 777 3406 46
849 3357 865 3406 9
885 3345 1074 3418 ἀναδειχθέν-

62 3424 149 3485 τεςΒ
172 3426 176 3491 Ι
202 3417 250 3478 ἐπὶ
272 3425 305 3494 τῆ
330 3417 483 3491 ἀναγραφῇ
507 3440 530 3476 ο.
553 3422 692 3478 Biicheler
765 3428 798 3476 10
816 3419 936 3491 ὁωμαίοι
958 3416 1009 3474 τδν
1028 3415 1075 3474 νό-

62 3514 117 3565 μον
135 3494 161 3548 Α
208 3499 241 3548 15
260 3501 383 3563 γυναῖκα
402 3493 493 3548 om.B
547 3499 581 3548 20
597 3488 644 3548 ἐπὶ
657 3494 805 3564 κεφαλαίῳ
820 3492 852 3562 0,
867 3508 936 3547 corr.
952 3491 1074 3562 Sylburg

117 3602 217 3642 onm.
230 3602 294 3641 Ηεω.
307 3602 326 3642 1.
341 3612 379 3641 nn.
392 3601 493 3642 JAconY.
881 3586 914 3634 13
