2454 3916
500 213 666 266 -Α-
1028 211 1091 275 121

73 368 167 458 παρὰ
189 369 314 456 πατρὸς
332 373 388 439 καί
410 373 486 460 περὶ
508 376 637 441 πολλοῦ
659 387 802 441 ποιεῖται
824 387 894 452 τοῖς
917 370 995 460 μεθ’
1017 373 1093 440 ἑαν-

74 474 137 546 τὸν
161 478 336 564 ἐσομένοις
359 476 468 568 ὥσπερ
493 478 565 568 ίερόι
592 483 728 571 πατρῷα
751 478 991 565 παραδιδόναι·
1014 486 1093 547 πολ-

75 583 132 651 λοὶ
161 580 193 649 δ’
218 584 305 652 είσίν
338 582 402 652 άπὸ
434 611 504 653 τον
535 588 718 672 τιμητικῶν
747 593 849 653 οίκων
877 583 999 672 άνδρες
1029 586 1093 653 ἔπι-

76 703 199 776 φανείς
222 694 257 758 οί
279 690 563 778 διαφυλάττοντες
586 690 684 759 αότά·
716 694 753 760 έν
778 686 828 772 οἷς
853 689 995 778 εὑρίσκω
1020 694 1092 758 δευ·

74 798 163 887 τέρφ
190 795 356 885 πρότερον
385 803 449 867 ἔτει
475 801 535 885 τῆς
567 795 723 878 ἁλώσεως
748 803 884 886 τίμησιν
913 795 1005 882 [ὑπὸ]
1034 800 1095 864 τοῦ
1122 827 1135 868 ι

70 900 249 990 Ῥωμαίων
273 903 384 992 δήμου
406 908 611 992 γενομένην,
638 897 660 993 ᾗ
688 908 961 994 παραγέγραπται
988 903 1096 971 καθά-

74 1032 139 1097 περ
163 1009 220 1076 καί
241 1023 315 1089 ταῖς
336 1007 453 1089 άλλαις
470 1011 593 1098 χρόνος
611 1002 722 1091 οὗτος·
751 1008 992 1090 *ὑπατεύοντος
1010 1017 1096 1079 Λευ-

76 1120 156 1184 κίου
182 1113 371 1199 Οὐαλερίου
394 1122 543 1186 Ποτίτου
565 1119 620 1186 καὶ
643 1124 745 1186 Τίτου
763 1124 922 1187 Μαλλίου
941 1125 1096 1186 Καπιτω-

75 1226 179 1291 λίνου
206 1219 288 1308 μετόι
314 1220 377 1309 τὴν
405 1221 549 1310 ἐκβολὴν
581 1229 650 1292 τῶν
683 1227 851 1310 βασιλέων
881 1225 956 1305 ἑνὸς
984 1227 1097 1294 δέοντι

75 1331 218 1420 είκοστςό
232 1330 289 1397 καὶ
303 1328 467 1421 ἑκατοστῷ
483 1331 573 1398 ἔτεκ’
599 1327 682 1399 ὥστε
698 1328 760 1417 τὴν
776 1329 942 1417 Κελτικὴν
957 1335 1097 1419 ἔφοδον,

75 1433 124 1522 ἣν
147 1439 193 1528 τῷ
219 1437 363 1523 δευτέρῳ
387 1434 467 1523 μετά
485 1434 547 1523 τὴν
565 1441 701 1523 τίμησιν
721 1440 787 1504 ἔτει
805 1439 993 1524 γενομένην
1008 1435 1097 1524 εόρί

77 1561 218 1629 σκομεν,
241 1543 548 1630 ἐκπεπληρωμένων
570 1545 638 1610 τῶν
663 1551 768 1609 είκοσι
790 1542 847 1609 καί
870 1542 989 1611 ἑκατὸν
1014 1545 1098 1612 ἔτων

1117 1302 1137 1367 6

1111 1389 1137 1429 10

78 1652 252 1738 γενέσθαι.
293 1653 325 1717 εί
348 1648 384 1717 δὲ
406 1654 506 1718 τοῦτο
529 1647 567 1718 τὸ
594 1648 759 1736 διάστημα
777 1652 839 1717 τοῦ
862 1648 990 1739 χρόνου
1007 1648 1098 1738 τριά-

76 1783 185 1826 κοντα
209 1753 428 1842 ὀλυμπιάδων
448 1751 634 1843 εὑρίσκεται
652 1755 850 1843 γενόμενον,
871 1754 1001 1844 ἀνάγκη
1019 1755 1099 1836 τοὺς

77 1862 236 1952 πρώτους
259 1860 523 1949 ἀποδειχθέντας
549 1859 698 1943 ὑπάτους
725 1860 904 1951 ὁμολογεῖν
935 1862 1097 1952 άρχοντος
1112 1895 1137 1936 15

28 1969 271 2056 ,91Ἁθηνησιν
301 1967 477 2055 Ἰσαγόρου
504 1971 748 2058 παρειληφέναι
780 1970 843 2058 την
878 1969 985 2058 άρχην
1017 1970 1100 2040 κατὰ

78 2075 122 2148 τό
144 2081 279 2165 πρῶτον
303 2081 376 2156 ἔτος
392 2080 452 2163 τῆς
470 2074 594 2163 ὀγδόης
611 2078 667 2144 καί
687 2077 865 2165 ἑξηκοστῆς
883 2076 1100 2165 ὀλυμπιάδος.

104 2212 135 2263 >
174 2203 304 2269 LXXV.
328 2202 397 2268 Καὶ
411 2199 478 2288 μὴν
493 2199 558 2269 άπό
572 2226 610 2286 γε
623 2204 682 2287 τῆς
697 2202 837 2288 ἐκβολῆς
849 2204 918 2269 των
932 2204 1099 2288 βασιλέων

80 2309 139 2378 ἐπὶ
162 2307 222 2376 τὸν
245 2312 379 2394 πρῶτον
398 2305 544 2395 άρξαντα
566 2310 624 2393 τῆς
642 2306 771 2386 πόλεως
788 2305 961 2394 Ῥωμύλον
984 2305 1100 2393 ἀναβι-

80 2415 227 2502 βασθεὶς
241 2411 259 2481 ὁ
274 2412 397 2502 χρόνος
412 2417 467 2499 ἔτη
482 2415 619 2501 τέτταρα
633 2412 716 2501 πρὸς
730 2416 842 2502 <τοίς>
856 2413 1098 2501 τετταράκοντα
1113 2445 1140 2485 ιο

79 2522 141 2591 καὶ
157 2524 342 2599 διακοσίοις
355 2517 516 2587 άποτελεϊ.
540 2524 734 2607 γνωρίζεται
745 2518 783 2587 δὲ
795 2523 895 2587 τοῦτο
905 2533 977 2600 ταῖς
988 2523 1101 2588 διαδο-

82 2642 159 2717 χαῖς
172 2630 241 2696 τῶν
255 2625 422 2712 βασιλέων
436 2626 576 2704 καὶτοῖς
591 2631 711 2712 ἔτεσιν,
726 2620 777 2705 οἷς
795 2627 927 2695 ἕκαστοι
941 2627 1101 2715 κατέσχον

83 2842 142 2910 καί
164 2838 345 2929 τριάκοντα
369 2843 425 2925 ἔτη
449 2839 578 2923 λέγεται
601 2853 778 2926 κατασχεῖν
801 2838 863 2927 τὴν
887 2843 1103 2911 δυναστείαν·

84 2947 168 3038 μετά
193 2946 231 3015 δέ
253 2945 314 3014 τὸν
333 2943 505 3033 Ῥωμύλου
532 2944 686 3014 θάνατον
717 2944 935 3033 ἀβασίλευτος
962 2946 983 3035 ἡ
1006 2949 1102 3029 πόλις
1115 2976 1142 3018 ετ

85 3056 249 3143 γενέσθαι
272 3051 400 3141 χρόνον
420 3050 602 3120 ἐνιαύσιον.
637 3058 747 3120 ἔπειτα
771 3052 891 3141 Νόμας
912 3059 1141 3143 Πομπίλιος2

160 3263 253 3323 ὅόπὸ
273 3266 327 3322 del.
347 3265 463 3337 Madvig
481 3266 553 3320 Adv.
572 3266 585 3319 I
603 3284 630 3334 p.
652 3270 703 3320 725
719 3268 723 3334 Ι
739 3267 790 3320 τοῦ
808 3267 832 3321 Β
850 3267 908 3320 τῶν
926 3267 952 3320 Α
1016 3273 1102 3321 8πο-

87 3343 169 3395 τίνον
197 3339 250 3392 AB
341 3344 374 3393 10
397 3337 447 3391 καὶ
475 3331 615 3409 ἑκατοστῷ
639 3337 685 3391 Bb
719 3354 772 3392 om.
795 3337 872 3393 ABa
966 3344 999 3392 13
1023 3334 1102 3392 δέΒ

88 3408 124 3480 δὴ
144 3411 171 3465 R
244 3413 276 3464 16
296 3407 337 3472 είς
355 3403 445 3479 άγροῦ
464 3407 488 3472 A
510 3402 626 3476 ίσόγρον
645 3409 668 3461 Β
744 3413 779 3461 20
797 3414 856 3470 τοὶς
879 3406 989 3461 addidit
1010 3408 1102 3462 Kiess·

89 3483 151 3552 ling
166 3482 172 3547 Ι
188 3479 238 3534 καί
256 3497 309 3536 om.
329 3480 354 3534 A
426 3485 460 3533 26
479 3474 570 3548 νόμας
587 3478 635 3532 Bb
653 3479 743 3549 νομάς
762 3478 838 3532 ABa
856 3479 885 3533 et
903 3474 966 3532 aliis
984 3477 1054 3533 locis
