2454 3916
113 202 134 267 6
536 154 702 256 -ι-

76 365 145 444 5έξ
169 353 210 428 οῦ
229 361 266 429 δὲ
285 361 364 447 ὅλης
383 360 564 448 ἐκράτησεν
580 359 719 442 Ἰταλίας
741 363 796 430 καλ
816 363 869 429 ἐπὶ
886 359 948 449 τῆν
967 361 1126 429 ἁπάντων

112 467 303 555 ἐθάρρησεν
329 465 436 555 άρχῆν
463 475 660 554 προελθεῖν,
694 471 882 555 ἐκβαλοῦσα
914 468 975 556 μὲν
1003 470 1039 536 ἐκ
1066 471 1127 554 τῆς

111 574 280 662 θαλάττης
302 578 575 662 Καρχηδονίους,
604 580 640 642 οδ
659 581 817 661 πλείστην
840 580 939 662 ἔσχον
962 573 1126 662 ναυτικὴν

112 683 273 768 δύναμιν,
319 678 513 768 ὑποχείριον
560 680 597 749 δέ
638 685 789 767 λαβοῦσα
830 684 1066 768 Μακεδονίαν,
1103 677 1124 769 ῆ

84 790 192 868 ττέως
224 789 332 857 ἐδόκει
365 788 523 875 μέγιστον
559 786 687 875 ίσχύειυ
719 785 801 856 κατά
833 790 914 874 γῆν,
948 785 1049 856 οῦδέν
1077 793 1127 857 ἐτι

111 893 297 963 άυτίπαλον
328 899 450 981 ἔχουσα
484 892 561 962 ου”τε
597 892 771 982 βάρβαρον
808 897 919 979 φῦλον
952 892 1029 962 οῦτε
1055 892 1126 962 Ἑλ-

111 999 252 1088 ληνικὸν
287 1000 407 1085 γενεὰν
450 999 600 1087 ἑβδόμην
639 999 704 1088 ῆδη
746 999 809 1088 τὴν
847 997 898 1069 ἐπ’
932 1001 1016 1087 ἐμοῦ
1053 1005 1125 1068 δια·
1146 1017 1180 1066 12

111 1109 203 1195 μένει
234 1104 358 1186 παντὸς
394 1104 547 1194 άρχουσα
577 1105 696 1175 τόπον·
739 1112 840 1186 ἔθνος
874 1106 913 1174 δέ
944 1105 1046 1175 ούδδυ
1079 1105 1126 1188 ῦς

111 1219 217 1282 εἰπεῖν
241 1216 347 1298 ἐστιν,
372 1209 390 1280 ὃ
415 1213 491 1298 περὶ
514 1218 572 1298 τῆς
595 1217 712 1300 κοινῆς
737 1210 918 1300 ἡγεμονίας
945 1210 967 1300 ῆ
994 1218 1056 1282 τοῦ
1078 1213 1125 1301 μὴ

71 1285 274 1413 1(ὲάρχεσθαι
297 1318 380 1406 πρὸς
404 1317 510 1407 αύτῆν
540 1321 742 1405 διαφέρεται.
787 1317 871 1388 άλλδι
894 1319 958 1407 γὰρ
987 1318 1038 1388 ὅτι
1062 1320 1125 1407 μὲν

110 1424 188 1495 οῦτε
210 1424 272 1514 τῆν
296 1428 472 1512 ἐλαχίστην
496 1429 565 1493 τῶν
587 1423 787 1494 ὑποθέσεων
809 1425 1016 1514 προῄρημαι,
1039 1435 1125 1494 καθ-

109 1532 193 1621 άπερ
222 1537 324 1619 έφην,
353 1529 430 1600 οῦτε
458 1532 534 1617 περὶ
566 1531 699 1619 φαύλας
729 1532 785 1599 καὶ
813 1529 964 1619 ἀσήμους
989 1531 1125 1621 πράξεις

110 1646 239 1727 ἔγνωκα
263 1642 463 1725 διατρίβειν,
492 1634 580 1706 άλλδι
607 1645 686 1723 περί
701 1641 743 1707 Ιτε
773 1637 900 1718 πόλεως
922 1638 1042 1726 γράφω
1065 1643 1125 1726 τῆς

109 1744 394 1832 περιφανεστάτης
415 1745 470 1813 καλ
492 1745 568 1831 περὶ
591 1745 743 1833 πράξεων
760 1736 810 1813 ὧν
830 1741 891 1814 ούκ
914 1741 958 1812 άν
981 1751 1051 1833 ἔχοι
1073 1772 1126 1826 τις

69 1877 95 1918 ιι
110 1853 222 1939 ἑτέρας
250 1853 478 1932 ἐπιδείξασθαι
511 1853 755 1939 λαμπροτέρας,
784 1849 846 1920 οῦκ
878 1849 944 1920 οἷδ’
976 1849 1039 1938 ὄπι
1071 1857 1127 1922 δεῖ

107 1964 209 2028 πλείω
234 1961 352 2046 λέγειν.
973 1967 975 1970 ’

196 2068 273 2134 IIII.
297 2063 368 2133 Ὅτι
392 2063 424 2131 δ’
447 2061 509 2133 οῦκ
531 2063 615 2133 άνευ
633 2069 797 2152 λογισμοῦ
814 2065 870 2134 καὶ
888 2071 1049 2152 προνοίας
1069 2072 1125 2154 ἐμ-

108 2198 237 2260 φρονος
259 2171 312 2239 ἐπὶ
334 2170 375 2238 τδι
399 2168 523 2239 παλαιά
550 2175 619 2240 τῶν
648 2174 898 2258 ἱστορουμένων
921 2173 996 2259 περὶ
1020 2171 1125 2260 αῦτῆς

108 2278 314 2368 ἐτραπόμην,
351 2275 426 2351 ἀλλ’
461 2283 547 2365 ἔχων
584 2274 799 2365 εὐλογίστους
838 2275 1028 2348 ἀποδοῦναι
1064 2285 1125 2367 τῆς

68 2419 95 2458 ιο
109 2387 333 2474 προαιρέσεως
364 2388 487 2469 αίτίας,
522 2382 619 2471 ὀλίγα
649 2383 816 2471 βούλομαι
849 2399 1037 2476 προειπεῖν,
1066 2389 1124 2454 ἵνα

108 2492 153 2581 μῆ
175 2519 265 2573 τινες
283 2491 504 2579 ἐπιτιμήσωσί
520 2517 577 2579 μοι
595 2495 664 2559 τῶν
682 2489 764 2577 πρὸς
783 2489 913 2560 ἅπαντα
933 2498 1123 2578 φιλαιτίων,

109 2597 210 2667 ούδέν
243 2624 294 2666 πω
325 2603 393 2667 τῶν
423 2597 614 2685 μελλόντων
646 2601 835 2684 δηλοῦσθαι
866 2598 1123 2686 προακηκοότες,

108 2704 160 2773 ὅτι
178 2709 236 2791 τῆς
255 2703 415 2792 άοιδίμου
429 2706 614 2790 γενομένης
630 2701 710 2772 καθ’
727 2701 814 2791 ῆμάς
831 2703 959 2784 πόλεως
976 2702 1125 2787 άδόξους
1146 2718 1179 2768 13

107 2810 163 2877 καὶ
194 2809 285 2878 πάνυ
316 2809 474 2901 ταπεινάς
511 2809 571 2891 τὰς
602 2809 734 2896 πρώτας
766 2808 922 2899 άφορμδις
953 2810 1125 2899 λαβούσης

68 2917 163 2988 ιτααὶ
191 2915 253 2984 οῦκ
282 2915 376 2999 άξίας
405 2921 574 3006 ἱστορικῆς
602 2915 815 3004 ἀναγραφῆς,
849 2916 890 2986 ού
917 2926 1057 2997 πολλαῖς
1085 2918 1125 2987 δέ

107 3036 237 3109 γενεαῖς
264 3023 429 3113 πρότερον
461 3028 508 3104 είς
537 3023 735 3112 ἐπιφάνειαν
763 3026 818 3092 καὶ
846 3023 949 3106 δόξαν
981 3021 1123 3112 άφιγμέ-

179 3248 305 3324 λάρχὴν
325 3252 466 3323 ἐθάρρησε
486 3254 510 3308 Α
527 3256 531 3324 Ι
547 3258 703 3322 παρελθεῖν
722 3255 745 3308 Β
821 3260 837 3309 8
858 3252 943 3317 ἔθνος
962 3273 991 3308 τε
1014 3271 1037 3309 ο.
1058 3253 1123 3309 ste-

107 3326 217 3394 phanus
309 3331 341 3379 15
361 3320 445 3380 3120
470 3342 538 3381 corr.
559 3326 669 3380 Ritschl
684 3327 688 3395 Ι
705 3328 752 3380 δεῖ
772 3324 868 3381 om.B
959 3331 992 3380 18
1012 3325 1121 3380 παλαιά

108 3414 177 3453 corr.
202 3395 363 3465 Stephanus
386 3393 521 3451 πάλαιΟ
609 3403 641 3450 19
663 3393 751 3463 έτράπ
771 3397 830 3451 νΑ
916 3402 950 3450 22
970 3391 1056 3451 οὐδέν
1076 3415 1121 3451 πω

108 3468 197 3524 Cobet
216 3467 323 3537 Obs.p.
339 3473 373 3525 20
406 3462 492 3523 οῦδὲν
512 3464 629 3524 οῦπωΟ
702 3464 875 3533 24αδόξους
892 3463 969 3521 πάνυ
991 3466 1083 3522 καλΑ
