2454 3916
529 248 561 258 ..
601 222 628 272 Γ
661 249 695 258 -

101 374 168 448 ἀπὸ
202 382 261 465 τῆς
288 376 461 464 Ἀλβανῶν
494 376 593 466 όρον,
626 382 712 446 ἔνθα
741 379 797 446 καὶ
828 377 993 466 πρότερον
1025 375 1117 465 είχον
1217 387 1219 391 ’

102 483 254 573 ἑκάτεροι
286 483 366 567 τοὺς
396 485 556 573 χάρακας,
587 488 721 573 πρῶτον
753 485 815 572 μὲν
848 482 921 573 ίερά
948 484 1118 565 θύσαντες

102 589 241 680 ῶμοσαν
264 593 318 661 ἐπὶ
341 595 408 660 τῶν
432 590 589 680 ἐμπόρων
608 593 756 680 στέρξειν
778 589 841 678 τὴν
863 592 983 678 τύχην,
1006 587 1050 678 ἢν
1072 587 1117 659 ἀν

102 701 138 768 ἐκ
158 701 218 786 τῆς
236 698 341 787 μάχης
358 703 426 768 τῶν
445 695 596 781 ἀνεψιῶν
620 701 757 786 ἑκατέρα
778 697 875 778 πόλις
898 699 1116 786 ἐξενέγκηται,

101 807 159 875 καὶ
182 805 344 894 φυλάξειν
371 806 430 887 τὰς
457 803 637 896 ὁμολογίας
660 811 817 892 βεβαίους
840 806 969 893 μηδένα
990 804 1143 893 προσάτ

46 933 224 1001 ισογοντες
242 911 358 993 αὐταῖς
377 912 481 982 δόλον
499 910 599 982 αὐτοί
618 939 653 981 τε
675 913 731 980 καὶ
751 913 849 999 γένος
870 911 908 981 τὸ
932 914 966 994 έξ
990 909 1117 981 αὐτῶν·

71 1100 74 1106 ,
101 1021 173 1089 ἐπεὶ
197 1019 234 1089 δὲ
256 1017 298 1088 τά
319 1018 403 1109 πρὸς
425 1017 529 1099 θεοὺς
552 1016 630 1088 ὅσια
654 1018 890 1108 διεπράξαντο,
912 1019 1053 1106 θέμενοι
1075 1016 1116 1087 τδι
1171 1056 1174 1060 ’

101 1125 189 1196 ὅπλα
211 1130 362 1215 προῆγον
386 1128 422 1194 ἐκ
448 1129 509 1194 τοῦ
537 1124 681 1215 χάρακος
708 1125 894 1215 ἀμφότεροι
915 1126 1036 1195 θεαταὶ
1057 1128 1117 1212 τῆς

85 1241 88 1245 ’
100 1233 208 1322 μάχης
231 1232 387 1320 ἐσόμενοι
406 1236 510 1321 τριῶν
533 1228 554 1320 ἢ
577 1232 743 1321 τεττάρων
763 1236 909 1302 σταδίων
932 1231 970 1301 τὸ
994 1231 1116 1319 μεταξὺ

100 1345 228 1429 χωρίον
250 1355 321 1421 τοῖς
343 1338 604 1427 ἀγωνιζομένοις
625 1339 875 1422 καταλιπόντες·
889 1338 954 1406 ,καὶ
977 1336 1046 1425 μετ’
1074 1337 1115 1406 οὐ
1130 1371 1156 1412 10

99 1444 190 1515 πολὺ
211 1449 322 1535 παρῆν
341 1446 421 1526 τούς
438 1473 473 1516 τε
491 1452 682 1534 Κορατίους
701 1443 718 1515 ὁ
737 1447 806 1515 τῶν
821 1444 994 1531 Ἀλβανῶν
1018 1463 1115 1532 στρα-
1203 1437 1204 1440 “

99 1550 201 1640 τηγὸς
223 1550 316 1638 ἀγων
334 1553 390 1622 καὶ
413 1551 492 1634 τοὺς
508 1551 680 1638 Ὁρατίους
701 1550 719 1622 ό
738 1556 806 1621 τῶν
824 1550 997 1640 Ῥωμαίων
1020 1556 1115 1636 βασι-

99 1657 179 1739 λεάς
201 1657 432 1747 ὡπλισμένους
453 1685 489 1727 τε
510 1658 670 1728 κάλλιστα
692 1661 748 1728 καὶ
770 1657 831 1728 τὸν
854 1657 959 1727 ἀλλον
978 1663 1115 1744 ἔχοντας

98 1766 230 1854 κόσμον
253 1759 328 1834 οἷον
350 1763 529 1854 ἀνθρωττοι
547 1765 782 1852 λαμβάνουσιν
805 1766 858 1834 ἐπὶ
876 1763 1025 1857 θανάτῳ.
1051 1787 1114 1851 ’γε-
1132 1771 1164 1836 3.

99 1871 241 1959 νόμευοι
265 1872 303 1940 δὲ
326 1871 492 1958 σύνεγγυς
510 1870 665 1959 ἀλλήλων
688 1870 729 1941 τὰ
751 1871 813 1958 μὲν
838 1874 916 1960 ξίφη
938 1885 1010 1952 τοῖς
1031 1868 1114 1940 ὑπα
1128 1903 1154 1944 15

99 1993 254 2059 σπισταῖς
279 1980 495 2067 παρέδωκαν,
523 1981 796 2069 προσδραμόντες
825 1979 864 2049 δὲ
894 1981 1115 2066 περιέβαλλον

98 2085 260 2179 ἀλλήλοις
288 2093 462 2166 κλαίοντες
488 2087 544 2155 καί
571 2099 643 2167 τοῖς
669 2084 819 2174 ἡδίστοις
844 2084 1010 2173 ὀνόμασιν
1034 2083 1114 2154 ἀνα-

97 2198 296 2279 καλοῦντες,
329 2192 412 2262 ῶστε
439 2198 488 2275 είς
515 2193 646 2283 δάκρυα
676 2206 857 2282 προπεσεῖν
883 2191 1032 2273 ἅπαντας
1058 2193 1114 2261 καί

97 2299 229 2388 πολλὴν
262 2297 446 2388 ἀστοργίαν
482 2314 681 2388 κατηγορεῖν
718 2304 815 2388 σφῶν
847 2325 883 2369 τε
914 2297 1026 2367 αὐτῶν
1058 2299 1114 2365 κάλ

96 2410 167 2476 τῶν
190 2404 384 2495 ἡγεμόνων,
408 2405 459 2476 ὅτι
481 2407 593 2496 παρὸν
621 2406 735 2487 ἀλλοις
756 2406 825 2492 τισὶ
848 2403 978 2495 σῶμασι
999 2417 1113 2495 κρίναι
1127 2435 1154 2476 ιο

96 2511 161 2601 τὴν
190 2511 300 2601 μάχην
327 2519 375 2594 είς
405 2513 571 2602 ἐμφύλιον
603 2508 685 2601 αἷμα
716 2514 773 2581 καί
805 2510 1005 2600 συγγενικὸν
1032 2508 1114 2597 ἀγος

95 2617 158 2689 τὸν
181 2617 265 2709 ὑπὲρ
287 2625 356 2690 τῶν
378 2619 510 2689 πόλεων
538 2617 655 2706 ἀγῶνα
677 2620 899 2688 κατέκλεισαν.
943 2617 1112 2705 παυσάμε-

46 2752 159 2805 ςτςνοι
183 2725 221 2795 δὲ
243 2730 312 2795 τῶν
330 2723 515 2814 ἀσπασμῶν
539 2730 575 2794 οί
590 2731 762 2796 νεανίσκοι
779 2727 836 2794 καὶ
858 2723 899 2793 τά
921 2726 1001 2813 ξίφη
1023 2722 1112 2812 παρά
1164 2727 1167 2732 ’

95 2834 167 2903 τῶν
193 2830 411 2901 ὑπασπιστῶν
442 2831 603 2918 λαβόντες
634 2830 927 2921 ἀναχωρησάντων
958 2835 1027 2901 τῶν
1057 2833 1112 2900 πέ-

96 2948 159 3020 λας
181 2938 340 3020 ἐτάξαντό
362 2966 398 3008 τε
421 2936 502 3008 καθ’
526 2938 661 3026 ἡλικίαν
683 2940 739 3008 καὶ
763 2942 932 3030 συνῄεσαν
956 2937 1066 3028 ὁμόσε.
1122 2959 1152 3009 ’το

187 3048 326 3114 XVIHI.
360 3049 448 3126 Τέως
461 3045 523 3133 μέν
539 3038 601 3115 οὖν
615 3043 739 3134 ἡσυχία
751 3073 786 3116 τε
800 3047 856 3115 καὶ
870 3044 947 3134 σιγὴ
962 3059 1113 3133 κατεῖχεν

169 3284 185 3334 ’ί
206 3273 271 3334 ὅσια
289 3272 515 3348 διεπράξαντοΒ
534 3275 725 3348 διεπράξαντο
744 3271 850 3334 όσιαΒ
867 3271 932 3333 ότια
951 3277 1005 3333 del.
1019 3277 1111 3330 Raeud-

94 3352 139 3408 let
156 3349 246 3406 Τίτου.
265 3368 293 3420 p.
312 3354 346 3404 29
426 3354 458 3404 17
477 3343 607 3418 ἀλλήλοις
624 3350 647 3404 Β
671 3344 807 3440 ἀλλήλους
824 3350 850 3404 R
927 3353 960 3404 18
981 3365 1111 3415 uome-

95 3427 158 3478 σεῖν
177 3421 200 3475 Β
215 3424 244 3477 ολ
261 3418 374 3490 Reiske,
392 3421 601 3489 προσπεσεῑνΒ
673 3427 708 3478 20
726 3425 820 3484 αλλοις
837 3421 893 3477 τισί
906 3418 956 3476 καί
974 3417 1111 3489 φαυλοτέ-

94 3513 156 3565 ροις
175 3488 283 3564 σῶμασι
301 3507 324 3547 ο.
343 3491 445 3547 Reiske
