2454 3916
496 240 669 293 -B-.

72 403 108 469 ἐκ
131 402 189 488 της
216 397 344 479 πόλεως
370 397 513 479 ἅπαντες
540 396 609 487 ἅμα
635 402 681 492 τῷ
708 399 769 468 τὸν
802 399 923 470 Τάτιον
954 399 1085 471 άποθα-

71 507 160 596 νεῖν)
188 507 243 574 καί
270 511 339 575 τῶν
361 511 599 602 Λαουινιατῶν
626 504 704 586 τοὺς
732 506 920 588 συστάντας
947 510 1000 577 ἐπὶ
1022 509 1083 578 τόν

75 613 198 683 Τάτιον
235 618 437 705 δικαστηρίῳ
474 612 647 699 παραδούς
670 617 887 701 ἐκδοθέντας
923 613 987 683 ὑπὸ
1025 620 1084 703 τῆς

70 722 213 807 πόλεως,
243 720 356 809 ἐπειδὴ
388 720 579 809 δικαιότερα
609 719 754 790 ἐδόκουν
784 723 895 808 λέγειν
922 720 963 790 τά
989 728 1084 809 βίαια

69 827 339 916 τιμωρησάμενοι
357 841 428 907 τοῖς
445 834 578 914 βιαίοις,
593 825 736 897 άπέλυσε
754 832 814 916 τῆς
831 833 947 909 αίτίας.
979 793 1124 920 ταῦτα,2

71 934 338 1023 διαπραξάμενος
366 937 418 1003 ἐπὶ
447 934 509 1022 τὴν
531 941 728 1023 Φιδηναίων
759 934 957 1024 ἐστράτευσε
982 935 1083 1005 πόλιν

71 1040 137 1110 άπὸ
160 1041 402 1129 τετταράκοντα
430 1048 577 1112 σταδίων
605 1046 665 1130 της
682 1040 809 1130 Ῥάμης
830 1045 1006 1131 κειμένην,
1028 1070 1083 1130 με-

70 1148 178 1237 γάλην
205 1176 240 1218 τε
267 1151 324 1218 καὶ
349 1147 624 1236 πολυάνθρωπον
652 1143 760 1218 οὖσαν
787 1148 871 1219 τότε.
917 1147 1084 1237 ἀγομένης

69 1256 136 1346 γάρ
164 1261 211 1336 είς
238 1254 300 1344 τὴν
318 1255 449 1345 Ῥώμην
477 1255 606 1342 άγοράς
634 1259 671 1324 ἐν
700 1256 843 1344 σκάφαις
869 1271 1084 1345 ποταμηγοῖς,

70 1360 114 1451 ἣν
137 1370 428 1453 Κρουστομερῖνοι
455 1365 661 1451 πιεζομένοις
689 1361 756 1432 ὑπὸ
785 1367 885 1451 λιμοῦ
908 1361 1084 1448 Ῥωμαίοις
1098 1389 1137 1449 ιο
1183 1413 1186 1419 .

70 1468 283 1556 ἀπέστειλαν,
313 1468 479 1558 ὠσάμενοι
511 1469 593 1538 κατά
625 1475 757 1557 πλῆθος
789 1470 841 1538 ἐπὶ
868 1468 927 1548 τάς
953 1468 1084 1556 σκάφας

24 1579 112 1644 348οί
136 1581 316 1665 Φιδηναῖοι
339 1576 401 1664 τήν
424 1605 459 1646 τε
482 1576 611 1664 άγοράν
636 1576 826 1667 διήρπασαν
853 1576 1001 1644 καὶτῶν
1024 1572 1082 1643 άν-

70 1683 221 1772 θράπων
257 1681 350 1763 τινάς
385 1687 454 1754 τάν
492 1683 771 1771 ἐπιβοηθούντων
803 1681 1002 1751 ἀπέκτειναν
1034 1686 1084 1749 αί-

69 1789 232 1878 τούμενοί
255 1818 290 1859 τε
318 1795 413 1871 δίκας
441 1789 502 1878 οὐχ
528 1789 676 1878 ὑπεῖχον.
727 1788 780 1878 ἐφ’
808 1783 858 1871 οἷς
885 1787 1118 1875 άγαναιιτάνδ

70 1894 89 1965 ὁ
117 1895 286 1985 Ῥωμύλος
318 1899 475 1984 ἐνέβαλεν
507 1902 556 1977 είς
585 1896 647 1984 τὴν
680 1897 793 1987 χάραν
830 1895 943 1966 αὐτῶν
974 1900 1081 1985 πολλῇ
1096 1921 1124 1963 15

70 2009 208 2094 στρατιᾷ
231 2006 286 2072 καὶ
309 2004 491 2092 γενόμενος
518 2004 681 2093 άφθόνου
704 2012 795 2085 λείας
818 2003 978 2093 ἐγκρατὴς
1000 2000 1084 2070 άπά·

69 2137 142 2198 γειν
173 2111 234 2198 μὲν
264 2111 522 2197 παρεσκευάζετο
553 2111 614 2199 τὴν
643 2111 806 2199 δύναμιν,
834 2109 1083 2193 ἐπεξελθόντων

70 2217 108 2286 δὲ
144 2222 214 2287 τῶν
249 2221 446 2304 Φιδηναίων
483 2218 644 2287 συνάπτει
685 2215 769 2304 πρός
806 2215 928 2297 αὐτούς
964 2216 1083 2306 μάχην.

68 2329 233 2414 καρτεροῦ
265 2325 303 2393 δέ
333 2323 465 2412 άγιόνος
493 2328 680 2412 γενομένου
709 2327 765 2394 καὶ
795 2329 931 2392 πολλῶν
962 2322 1082 2393 πεσόν-

68 2459 137 2500 των
160 2429 219 2519 άφ’
246 2433 410 2520 ἑκατέρων
439 2429 645 2519 ἡσσηθέντες
672 2436 708 2499 οί
736 2437 916 2518 Φιδηναῖοι
943 2432 1080 2520 τρίπον·
1096 2464 1122 2505 ιο

49 2524 124 2606 ’ται
145 2536 230 2626 πρὸς
252 2537 379 2626 φυγήν,
403 2536 420 2606 ὁ
446 2536 477 2605 δ’
500 2541 535 2607 ἐκ
553 2536 658 2618 ποδὸς
676 2542 946 2607 συνακολουθῶν
968 2535 1083 2619 αὐτοῖς

70 2651 299 2713 συνεισπίπτει
326 2659 398 2725 τοίς
425 2644 612 2733 φεύγουσιν
641 2649 688 2725 είς
714 2645 751 2714 τό
775 2659 890 2733 τείγος.
936 2643 1123 2732 διλούσης4

70 2751 108 2820 δὲ
135 2754 194 2838 τῆς
226 2751 353 2832 πόλεως
385 2755 418 2834 ἐξ
446 2752 576 2841 ἐφόδου
607 2752 882 2843 τιμωρησάμενος
909 2755 942 2835 ἐξ
970 2750 1107 2829 αὐτῶν,

69 2856 206 2945 ὀλίγους
227 2860 283 2926 καὶ
307 2857 462 2946 φυλακὴν
486 2862 523 2928 ἐν
546 2863 586 2949 τῇ
605 2860 700 2928 πόλει
718 2865 920 2950 τριακοσίων
943 2857 1081 2950 άνδριόν

68 2962 260 3032 καταλιπων
291 2969 350 3054 τῆς
380 2993 415 3035 τε
447 2966 557 3055 χώρας
589 2981 712 3057 μοῖραν
746 2965 1008 3054 ἀποτεμόμενος,
1038 2964 1082 3054 ἣν
1096 3001 1123 3042 ετ

69 3085 140 3151 τοῖς
158 3074 332 3159 σφετέροις
351 3075 485 3158 διεῖλεν,
510 3071 667 3142 άποικίαν
686 3077 821 3160 ἐποίησε
834 3072 1008 3162 Ῥωμαίων
1026 3075 1083 3142 καὶ

141 3230 415 3314 2*λοιβινιατωνο
489 3239 509 3288 4
533 3232 708 3303 δικαιοτέραι
726 3235 752 3288 Α
827 3239 844 3289 5
867 3229 1083 3304 τιμωρήσασθαι

69 3298 229 3387 φάσκοντες
248 3319 271 3357 ο.
285 3302 390 3358 Reiske
458 3310 473 3358 6
489 3306 666 3393 φειδηναίμν
684 3306 731 3359 hio
746 3305 811 3359 et
788 3323 829 3360 ειο
842 3305 900 3360 fere
915 3321 1025 3394 semper
1038 3304 1060 3357 B
1077 3303 1081 3376 1

69 3369 268 3442 διεοτράτευσε
287 3375 341 3429 ΑΒ
418 3381 452 3429 10
475 3375 702 3462 κρουστομέριοι
706 3376 784 3431 BbR
810 3373 1019 3461 κροστομέοειοι
1037 3375 1084 3429 Βο

69 3463 139 3501 corr.
159 3444 316 3500 Ambrosch
333 3447 337 3514 Ι
352 3439 517 3515 πιεζόμενοι
534 3446 580 3502 Ba
635 3453 669 3502 14
687 3441 891 3521 δπεῐ<ιι>ονΒ
944 3440 1017 3500 26⁹
999 3465 1082 3500 αποι-

68 3519 135 3571 κίαν
154 3510 216 3570 B*
196 3533 318 3571 ατοικον
336 3518 362 3571 R
