2454 3916
529 223 691 276 „B..

104 383 261 450 τιωτικοῦ
292 378 376 468 πρὸς
406 379 537 451 ἅπαντα
569 380 708 469 διαρκὴς
738 385 905 472 γενομένη
937 381 978 452 τὰ
1011 379 1119 468 δεινά,

106 485 179 556 ἀλλ’
205 485 266 574 ούχ
295 485 406 575 ὥσπερ
437 485 721 575 ὑπολαμβάνουσί
748 515 838 569 τινες
870 488 987 580 εῦνοίμ
1017 489 1120 576 τύχης

65 597 87 660 4
105 597 312 683 χρησαμένη·
336 596 405 664 ἐπεί
423 594 546 681 ταύτης
562 621 600 681 γε
618 595 719 683 χάριν
738 594 831 688 ᾤχετ’
853 592 897 664 άν
915 593 1121 684 ὑποβρύχιος

106 703 140 783 ἐξ
164 699 240 781 ἑνὸς
261 705 323 770 τοῦ
345 703 422 791 περὶ
436 701 576 782 Κάννας
589 702 773 790 πτύματος,
797 703 852 772 ὅτε
871 701 955 791 αὐτῇ
974 700 1039 770 άπὸ
1059 701 1121 789 μὲν

66 807 340 894 δόξακισχιλίων
385 810 512 877 λππέωυ
558 808 789 895 ἑβδομήκοντα
834 811 890 878 καί
935 809 1122 898 τριακόσιοι

107 919 413 1001 περιελείφθησαν,
440 911 505 982 άπὸ
536 914 574 982 δὲ
601 913 779 1002 μυριάδων
809 913 894 984 όκτάι
921 920 990 984 τάν
1013 920 1062 995 είς
1084 913 1121 982 τὸ

104 1019 223 1090 κοινὸν
247 1019 436 1108 στράτευμα
454 1024 732 1108 καταγραφεισῶν
752 1019 855 1114 όλίγφ
873 1027 1011 1102 πλείους
1031 1039 1122 1106 τρισ·

105 1131 223 1214 χιλίων
247 1125 435 1213 ἐσώθησαν.

152 1235 316 1302 >XVIII.
348 1232 460 1302 Ταῦτά
488 1259 523 1303 τε
547 1231 588 1321 δὴ
611 1238 673 1302 τοῦ
697 1231 824 1320 άνδρὸς
846 1233 972 1322 άγαμαι
993 1235 1050 1303 καὶ
1075 1239 1122 1302 ἔτι

67 1366 93 1406 10
106 1338 191 1429 πρὸς
217 1339 350 1420 τούτοις
372 1337 394 1408 ά
424 1343 532 1429 μίλλω
561 1342 686 1428 λέγειν,
715 1339 767 1409 ὅτι
789 1345 851 1410 τοῦ
882 1345 991 1421 καλῶς
1018 1345 1169 1410 οἰκεῖ-222

106 1457 190 1518 σθαι
216 1445 275 1527 τὰς
301 1446 417 1527 πόλεις
445 1452 554 1528 αἰτίας
581 1444 779 1534 ῦπολαβάυ,
807 1444 848 1527 ἃς
868 1452 1039 1534 θρυλοῦσι
1062 1447 1124 1535 μὲν

106 1553 251 1634 ἅπαντες
274 1557 308 1622 οί
329 1559 506 1640 πολιτικοί,
530 1554 813 1636 κατασκευάζουσι
838 1552 868 1622 δ’
891 1552 1012 1641 ὀλίγοι,
1035 1558 1125 1643 πρῶ-

106 1688 167 1730 τον
196 1659 258 1747 μὲν
286 1657 348 1746 τὴν
376 1658 466 1748 παρὰ
493 1664 560 1728 τῶν
589 1665 682 1730 θεῶν
707 1658 862 1746 εῦνοιαν,
891 1651 932 1746 ἧς
952 1660 1126 1748 παρούσης

107 1765 239 1835 ἅπαντα
264 1779 337 1846 τοῖς
364 1764 561 1853 ἀνθρώποις
589 1768 642 1835 ἐπὶ
675 1764 716 1835 τὰ
743 1770 880 1854 κρείττω
910 1769 1126 1854 συμφέρεται,

68 1897 94 1940 ιι
108 1878 220 1942 ἔπειτα
243 1871 472 1960 σωφροσύνην
494 1899 530 1941 τε
552 1874 608 1941 καί
632 1873 867 1960 δικαιοσύνην,
890 1871 935 1941 δι’
962 1869 1002 1953 ἃς
1023 1865 1127 1961 ἦττον

8 2003 11 2009 ’
104 1977 275 2067 ’ἀλλήλους
301 1979 506 2066 βλάπτοντες
533 1984 663 2069 μάλλον
694 1977 880 2068 ὁμονοοῦσι
907 1980 964 2048 καὶ
986 1978 1049 2068 τὴν
1073 1983 1126 2051 εύ-

109 2090 291 2174 δαιμονίαν
316 2084 356 2155 οῦ
379 2101 452 2166 ταῖς
474 2092 659 2174 αἰσχίσταις
678 2091 859 2175 μετροῦσιν
876 2083 1018 2175 ἡδοναῖς
1040 2083 1127 2156 άλλά

107 2197 153 2286 τῷ
181 2197 287 2286 καλῷ,
316 2195 511 2262 τελευταίαν
539 2196 578 2261 δὲ
607 2193 671 2280 τὴν
703 2196 741 2263 ἐν
768 2207 839 2274 τοῖς
864 2194 1023 2281 πολέμοις
1050 2219 1127 2280 γεν-

109 2298 270 2387 ναιότητα
297 2298 360 2387 τὴν
387 2298 706 2388 παρασκευάζουσαν
737 2297 825 2369 εἶναι
854 2301 910 2368 καὶ
939 2297 997 2380 τάς
1024 2299 1128 2380 άλλας

69 2431 96 2472 ιο
109 2403 229 2495 άρετάς
251 2422 322 2489 τοῖς
345 2413 482 2495 ἔχουσιν
505 2405 711 2495 ὠφελίμους,
740 2405 801 2476 ούκ
828 2405 893 2476 άπὸ
916 2404 1128 2494 ταύτομάτου

110 2518 359 2602 παραγίνεσθαι
382 2515 513 2585 τούτων
537 2517 768 2585 ἕκαστοντῶν
791 2512 934 2600 άγαθῦν
958 2513 1128 2601 ἐνόμισεν,

70 2617 184 2689 2άλλ’
211 2627 299 2709 ἔγνω
328 2620 416 2690 διότι
448 2620 549 2709 νόμοι
586 2625 766 2689 σπουδαῖοι
798 2622 854 2688 καὶ
886 2624 998 2688 καλῶν
1032 2623 1130 2706 ζῆλος

111 2726 384 2814 ἐπιτηδευμάτων
417 2725 537 2814 εῦσεβη
574 2728 629 2795 καί
660 2725 823 2814 σαόφρονα
853 2728 910 2795 καί
941 2724 982 2795 τὰ
1014 2730 1129 2794 δίκαια

111 2835 283 2902 ἀσκοῦσαν
313 2835 370 2902 καὶ
398 2831 440 2901 τά
469 2834 611 2919 πολέμια
640 2829 776 2920 άγαθὴν
808 2831 1037 2922 ἐξεργάζονται
1069 2832 1129 2901 πό-

70 2971 97 3013 ει
111 2948 180 3009 λιν·
213 2931 263 3008 ὧν
295 2937 423 3026 πολλὴν
456 2944 531 3026 ἔσχε
563 2936 729 3026 πρόνοιαν
758 2936 821 3026 τὴν
851 2936 957 3027 ἀρχὴν
987 2939 1129 3025 ποιησά-

112 3071 213 3133 μενος
236 3042 300 3114 άπὸ
324 3048 394 3114 τῶν
416 3046 492 3134 περὶ
514 3042 555 3113 τά
573 3054 653 3113 θεία
675 3045 732 3113 καὶ
756 3044 917 3132 δαιμόνια
940 3049 1129 3134 σεβασμῶν.

113 3152 185 3243 ίερά
219 3153 280 3241 μὲν
314 3144 377 3222 οῦν
409 3153 466 3221 καὶ
501 3154 621 3240 τεμίνη
654 3152 709 3220 καὶ
741 3149 876 3240 βωμούς
907 3152 963 3220 καὶ
995 3151 1128 3233 ξοάνων

185 3356 219 3405 10
239 3347 415 3405 ωίκίσθαιΒ
470 3354 502 3403 12
522 3344 679 3417 πράτηνΑ
738 3353 773 3403 14
793 3345 951 3416 φέρεταιΒ
1019 3354 1052 3402 19
1070 3353 1129 3411 τοῖς

113 3416 199 3486 άλλας
216 3421 263 3476 Bb
327 3427 360 3476 22
381 3416 454 3476 διότι
473 3419 495 3474 Β
514 3413 558 3474 ὅτι
576 3421 602 3474 R
664 3424 698 3474 23
718 3413 822 3494 εύσεβῆ
840 3417 890 3474 καὶ
909 3419 1008 3473 δίκαιοι
1024 3415 1129 3474 άσκοῦ-

115 3509 168 3547 σαν
191 3491 241 3549 καὶ
263 3488 398 3562 σάφρονα
416 3492 439 3546 Β
