2454 3916
146 214 213 278 398
568 244 603 255 -
641 216 736 267 Γ·-

145 373 237 461 καρίι
263 378 449 461 Τυρρηνῶν
470 369 675 458 προσλαβὸν
701 377 818 464 μιαρῷ
842 371 885 459 δή
911 397 980 441 που
1000 352 1083 452 τοδς
1098 372 1167 475 ,ἀλ-

146 489 228 560 λους
254 480 506 559 οἰωνοσκόπους
532 477 696 564 ἅπαντας,
723 477 771 559 ὥς
797 485 900 566 ἔφην,
926 477 1166 568 ὑπερεβάλετο,

146 590 195 665 εἰς
215 584 348 666 ἁπάσας
367 612 404 654 τε
420 584 480 665 τάς
498 586 664 672 δημοσίας
684 588 872 665 ἐπισκέψεις
895 589 931 653 οἰ
951 589 1010 671 τῆς
1031 584 1167 666 πόλεως

146 693 389 779 οἰωνομάντεις
416 691 479 761 οὐκ
506 691 590 760 ὄντα
621 695 658 759 ἐκ
687 696 750 759 τοῦ
779 691 988 779 συστήματος
1018 693 1166 779 παρεκά-

119 807 232 870 τλουν
255 798 361 868 αὐτὸν
384 798 441 866 διὰ
462 797 526 886 τὴν
552 801 726 884 ἐπιτυχίαν
748 803 818 866 τῶν
840 797 1082 886 μαντευμάτων
1104 801 1166 867 καὶ

147 903 255 973 οὐθὲν
278 903 298 973 ὅ
319 932 353 973 τι
375 903 421 990 μὴ
444 905 574 986 δόξειεν
597 907 716 993 ἐκείνῳ
736 902 937 990 προῦλεγον.

235 1014 352 1080 LXXI.
379 1002 488 1090 Οὗτος
509 1009 529 1078 ό
548 1013 676 1096 Νέβιος
692 1011 889 1101 βουλομένῳ
907 1010 988 1080 κοτὲ
1008 1015 1056 1103 τῷ
1077 1020 1166 1100 Ταρ-

145 1122 253 1206 κυνίω
274 1131 364 1202 τρεῖς
383 1114 494 1202 φυλὰς
516 1117 631 1201 ἑτέρας
651 1114 827 1199 ἀποδείξω
843 1119 924 1197 νέας
945 1121 982 1186 ἐκ
1002 1122 1074 1187 τῶν
1092 1118 1215 1207 δφόοο

147 1220 254 1290 αὑτοῦ
290 1222 456 1309 πρότερον
492 1226 757 1311 κατειλεγμένων
799 1226 928 1292 ίππέων
969 1227 1028 1293 καὶ
1065 1232 1165 1314 ποιῆ-

107 1358 134 1399 ιο
147 1349 205 1396 σαι
229 1327 289 1409 τὰς
315 1332 494 1409 ἐπιθέτους
524 1328 636 1416 φυλάς
666 1330 789 1399 ἑαυτοῦ
814 1357 851 1399 τε
877 1332 935 1398 καὶ
962 1335 1032 1399 τῶν
1060 1337 1164 1401 ἰδίων

148 1439 291 1523 ἑταίρων
314 1436 513 1523 ἐπωνύμους
534 1437 640 1522 μόνος
661 1434 796 1505 ἀντεῖπε
818 1435 961 1507 κατὰτὸ
982 1439 1163 1526 καρτερόν,

148 1541 211 1612 οὐκ
242 1545 308 1611 ἐῶν
339 1557 449 1611 κινεῖν
479 1547 548 1611 τῶν
579 1541 646 1610 διὸ
673 1540 849 1628 Ῥωμύλου
878 1548 1164 1615 κατασταθέντων

106 1647 264 1719 ἳοάθέν.
314 1648 504 1736 ἀχθόμενος
531 1647 564 1715 δ’
590 1649 644 1716 ἐπὶ
670 1653 711 1736 τῇ
738 1648 883 1718 κωλύσει
904 1652 962 1718 καί
984 1649 1031 1718 δι’
1057 1651 1165 1741 ὀργῆς

148 1761 234 1842 ἔχων
260 1754 322 1825 τὸν
348 1759 480 1842 Νέβιον
509 1753 528 1824 ὁ
555 1754 713 1841 βασιλεὺς
737 1762 939 1842 καταβαλεῖν
970 1756 1076 1826 αὐτοῦ
1099 1759 1164 1846 τὴν

108 1893 134 1932 15
147 1863 333 1949 ἐπιστήμην
360 1868 410 1942 εἰς
433 1860 473 1931 τὸ
500 1861 609 1948 μηδὲν
636 1865 862 1951 ἐπεχείρησεν,
890 1862 936 1942 ὡς
961 1862 1164 1946 ἀλαζονευο-

147 1970 253 2054 μένου
274 1969 333 2034 καί
351 1967 461 2054 μηθὲν
484 1966 612 2054 ἀληθές
633 1970 799 2054 λέγοντος.
839 1974 945 2038 ταῦτα
963 1974 1165 2057 διανοηθεὶς

148 2074 257 2142 ἐκάλει
287 2074 349 2142 τὸν
381 2076 512 2160 Νέβιον
544 2076 598 2142 ἐπὶ
633 2073 672 2142 τὸ
703 2079 794 2162 βῆμα
829 2081 958 2144 πολλοῦ
992 2078 1165 2163 παρόντος

147 2180 252 2268 όχλου
273 2178 356 2248 κατὰ
378 2179 440 2267 τὴν
462 2179 603 2269 ἀγοράν.
647 2183 905 2267 προδιαλεχθεὶς
932 2183 971 2250 δὲ
990 2199 1063 2264 τοῖς
1083 2187 1163 2273 περὶ

147 2285 252 2356 αὐτὸν
285 2285 331 2354 δι’
365 2279 407 2355 οὗ
443 2287 573 2381 τρόπου
602 2285 836 2371 ψευδόμαντιν
872 2285 1062 2370 ἀποδείξειν
1100 2290 1162 2359 τὸν

107 2425 134 2467 το
148 2393 381 2462 οἰωνοσκόπον
402 2391 653 2480 ὑπελάμβανεν,
675 2390 789 2479 ἐπειδὴ
815 2395 1016 2480 παρεγένετο
1039 2404 1164 2481 φιλαν-

146 2499 300 2587 θρώποις
322 2498 428 2568 αὐτὸν
451 2498 640 2586 ἀσπασμοῖς
661 2497 855 2584 ἀναλαβών,
877 2504 968 2586 Νῦν,
991 2506 1067 2587 ἐφη,
1090 2530 1163 2571 και-

147 2605 206 2691 ρὸς
228 2608 464 2687 ἐπιδείξασθαί
483 2626 521 2674 σε
542 2604 604 2691 τὴν
628 2603 804 2692 ἀκρίβειαν
826 2610 886 2691 τῆς
907 2612 1069 2692 μαντικῆς
1092 2612 1162 2677 ἐπι-

147 2712 288 2800 στήμης,
324 2705 351 2781 ὦ
387 2715 501 2798 Νέβιε.
554 2712 672 2800 πράξει
712 2710 775 2798 γὰρ
817 2714 997 2799 ἐπιχειρεῖν
1032 2716 1162 2805 μεγάλη

148 2818 407 2906 διανοούμενος,
434 2825 466 2887 εἰ
491 2818 529 2887 τὸ
558 2817 707 2887 δυνατὸν
737 2816 822 2906 αὐτῇ
848 2817 1008 2905 πρόσεστι
1034 2831 1162 2906 μαθεῖν

107 2954 133 2995 25
146 2925 322 3011 βούλομαι.
380 2923 457 2993 ἀλλ’
496 2925 596 2993 ἀπιθι
636 2929 693 2993 καὶ
736 2926 1065 3013 διαμαντευσάμενος
1102 2923 1163 3016 ἧκε

107 3034 285 3119 3ταχέως,
313 3029 378 3118 ἐγὼ
406 3031 438 3098 δ’
464 3032 591 3100 ἐνθάδε
613 3033 808 3120 καθήμενος
837 3031 1004 3118 ἀναμενῶ.
1050 3035 1214 3103 ἐποίει591

146 3137 187 3206 τά
209 3137 412 3224 κελευόμενα
435 3136 453 3205 δ
477 3137 595 3225 μάντις
621 3139 677 3205 καὶ
704 3137 774 3226 μετ’
801 3135 843 3206 οὐ
864 3138 952 3207 πολὺ
973 3143 1087 3226 παρῆν
1111 3147 1163 3209 αἰ-

219 3339 235 3386 3
254 3352 284 3388 τε
303 3334 357 3386 AB
429 3340 444 3388 ’ἰ
463 3331 601 3404 ν<έ>βιος
617 3333 641 3386 Β
659 3333 764 3402 passim
841 3339 858 3388 8
876 3329 931 3402 ὑφ’
951 3327 1042 3388 αὑτοῦ
1058 3335 1083 3388 Β
1107 3331 1163 3390 ὑπ’

147 3399 237 3460 αότοῦ
255 3405 282 3458 R
354 3411 386 3459 11
407 3399 511 3471 ἐτέρων
528 3406 554 3457 A
574 3407 579 3472 Ι
598 3401 737 3474 κρατερὸν
755 3407 781 3458 A
857 3411 891 3459 23
909 3400 1012 3474 κράξιν
1032 3405 1055 3460 0
1079 3424 1164 3476 prae-

146 3477 191 3529 ter
209 3477 232 3529 B
247 3474 252 3546 1
268 3472 393 3545 μεγάλην
413 3475 436 3531 0
454 3478 567 3545 ρῐαοίετ
584 3476 608 3529 Β
680 3482 713 3531 26
733 3471 866 3546 ἀναμένω
884 3478 910 3529 A
989 3485 995 3494 ‘

177 3666 234 3680 A
