2454 3916
505 225 673 278 -Α-
1056 224 1096 291 81

36 390 182 459 [γενείου
197 382 392 472 λεγόμενον,
415 384 471 450 καὶ
485 381 567 452 αῦτό
582 389 720 464 θυσίαις
734 387 911 473 ἐγέραιρον
926 387 964 452 αί
980 385 1101 481 καλοῦ-

82 518 181 578 μεναι
203 489 283 579 παρ’
310 489 424 570 αὐτοῖς
447 488 643 577 ἀμφίπολοι.

85 667 88 672 ,
146 600 202 666 LI.
222 595 277 666 ’Βκ
301 597 339 666 δὲ
358 596 558 687 Ἀμβρακίας
578 595 730 686 Ἀγχίσης
753 598 814 686 μὲν
833 597 892 678 τὰς
912 603 997 678 ναῦς
1016 604 1101 688 ἔχων

81 702 171 792 παρόι
199 708 264 790 γῆν
303 703 521 791 κομιζόμενος
558 709 606 785 είς
641 704 852 795 Βουθρωτὸν
888 707 1008 791 λιμένα
1042 710 1103 792 τῆς

80 809 240 901 Ἠπείρου
271 810 467 897 κατάγεται,
500 816 638 892 Αίνείας
671 812 708 880 δέ
739 814 795 881 καὶ
824 815 859 881 οί
885 810 1128 898 ἀκμαιότατοιι

81 916 146 986 σῦν
180 915 270 1010 αὐτῷ
303 922 365 987 τοῦ
398 921 542 1007 στρατοῦ
580 917 802 997 διανύσαντες
833 915 967 1006 ἡμεροῦν
1005 923 1101 987 δυεῖν

82 1023 166 1093 ὁδὸν
197 1028 245 1103 είς
268 1022 448 1112 Δωδώνην
476 1022 701 1113 ἀφικνοῦνται
727 1025 931 1113 χρησόμενοι
961 1029 1006 1118 τῷ
1030 1030 1101 1118 θεῷ

81 1132 137 1199 καὶ
159 1131 480 1219 καταλαμβάνουσιν
504 1130 628 1200 αῦτόθι
647 1136 763 1220 Τρῶας
782 1131 862 1211 τοῦς
884 1130 948 1201 σῦν
967 1130 1101 1225 Ἑλένῳ.

81 1236 285 1324 ἀνελόμενοι
314 1237 352 1305 δέ
384 1235 554 1325 χρησμοῦς
585 1239 661 1326 περὶ
689 1243 748 1325 της
775 1237 929 1317 ἀποικίας
957 1240 1013 1307 καὶ
1040 1237 1101 1307 τόν

80 1342 168 1413 θεὸν
193 1342 393 1432 ἀναθήμασι
417 1343 654 1434 δωρησάμενοι
672 1352 834 1434 Τρωικοῖς
851 1342 966 1422 ἀλλοις
987 1370 1023 1412 τε
1045 1346 1101 1413 καὶ
1116 1377 1143 1417 ιο

80 1455 247 1540 κρατῆρσι
273 1459 424 1538 χαλκοῖς,
452 1442 501 1518 τόν
528 1477 619 1530 τινες
641 1456 689 1519 ἔτι
716 1455 880 1538 περίεισιν
904 1452 1103 1538 ἐπιγραφαῖς

79 1557 175 1628 πάνυ
212 1555 367 1645 ἀρχαίαις
405 1561 587 1643 δηλοῦντες
622 1557 701 1638 τοῦς
737 1556 947 1636 ἀναθένταςι
979 1557 1032 1626 ἐπὶ
1063 1554 1101 1625 τό

80 1662 248 1733 ναυτικόν
293 1663 519 1752 ἀφικνοῦνται
568 1664 735 1755 τεττάρων
780 1663 923 1753 μάλιστα
968 1661 1102 1752 ἡμερῶν

81 1769 283 1849 διελθόντες
313 1768 407 1840 ὁδόν.
453 1776 553 1857 δηλοῖ
584 1771 622 1840 δὲ
652 1773 709 1840 καλ
735 1769 797 1859 τὴν
822 1777 870 1852 είς
892 1768 1102 1860 Βουθρωτὸν

79 1883 152 1948 τῶν
172 1876 298 1967 Τράων
321 1883 511 1967 παρουσίαν
535 1877 641 1965 λόφος
664 1906 724 1965 τις,
746 1871 773 1970 ᾧ
793 1877 868 1947 τότε
888 1879 1101 1968 στρατοπέδῳ
1116 1908 1143 1947 ιι

80 1983 283 2072 ἐχρήσαντο,
305 1991 409 2074 Τροία
426 1985 643 2072 καλούμενος.
676 1988 712 2054 ἐκ
731 1986 768 2054 δὲ
783 1988 994 2074 Βουθρωτοῦ
1013 1981 1103 2072 παρόι
1121 1997 1142 2062 2

79 2095 148 2178 γῆν
172 2093 393 2177 κομισθέντες
415 2089 493 2179 άχρι
517 2095 653 2179 λιμένος
672 2091 828 2180 Ἀγχίσου
851 2091 913 2179 μὲν
927 2091 1002 2160 τότε
1025 2089 1102 2159 ὀνο-

81 2199 298 2286 μασθέντος,
338 2201 406 2266 νῦν
448 2195 484 2264 δ’
528 2197 761 2288 ἀσαφεστέραν
804 2205 940 2287 ἔχοντος
980 2197 1103 2285 όνομα-

36 2311 193 2389 29σίαν,
224 2302 317 2393 ίερδν
347 2304 403 2371 καὶ
432 2302 557 2373 αῦτόθι
578 2309 638 2392 τῆς
660 2303 859 2392 Ἀφροδίτης
882 2303 1103 2392 ἱδρυσάμενοι

83 2416 259 2498 διαίρουσι
291 2408 352 2478 τόν
380 2408 505 2480 Ἰόνιον
535 2409 703 2499 ἡγεμόνας
740 2416 872 2498 ἔχοντες
897 2414 956 2496 τῆς
988 2436 1101 2479 ναυτι-
1116 2439 1142 2480 ω

83 2523 177 2603 λίας,
211 2520 247 2584 οἳ
277 2518 509 2585 συνέπλευσαν
544 2516 658 2597 αῦτοῖς
685 2515 879 2586 ἐθελούσιοι
902 2517 1103 2586 συνεπισπό-
1176 2543 1179 2548 ·

84 2650 201 2712 μενοι,
235 2620 315 2702 τοῦς
348 2621 411 2692 σῦν
440 2623 603 2712 Πάτρωνι
629 2628 675 2717 τῷ
709 2629 861 2717 Θουρίῳ·
897 2626 953 2693 καὶ
989 2623 1102 2695 αὐτῶν

37 2735 125 2808 aovi
155 2729 219 2818 μὲν
254 2735 405 2816 πλείους,
444 2730 557 2820 ἐπειδὴ
596 2736 683 2813 σῶος
721 2730 739 2801 ό
773 2729 912 2820 στρατός
945 2737 992 2813 είς
1021 2732 1102 2803 Ἰτα-

85 2843 163 2907 λίαν
194 2835 354 2923 ἀφίκετο,
387 2836 437 2906 ἐπ’
464 2848 560 2907 οίκου
588 2830 691 2918 αὖθις
718 2836 1008 2927 ἀνεκομίσθησαν,
1031 2842 1103 2910 Πά-

85 2971 177 3031 τρων
211 2942 249 3010 δὲ
276 2945 428 3024 πεισθεὶς
454 2943 511 3013 ὑπ’
542 2950 684 3014 Αίνείου
711 2962 889 3048 κοινωνεῖν
919 2951 978 3033 τῆς
1007 2947 1102 3017 ἀποι-
1117 2981 1142 3020 νο

158 3135 355 3211 4βοντρωτὸν
382 3141 428 3194 Ba
460 3137 619 3212 βοάτρωτον
637 3143 685 3196 Bb
770 3149 786 3197 6
814 3145 895 3198 δυεῖν
922 3145 945 3198 Β
973 3145 1055 3198 δυοῖν
1078 3146 1103 3199 Β

91 3217 123 3266 10
141 3210 191 3264 καλ
211 3227 265 3266 om.
285 3213 310 3264 A
382 3218 487 3266 14-16
506 3214 632 3281 δηλοῖ-
644 3209 819 3284 καλούμενος
837 3231 891 3270 om.
912 3216 934 3270 Ο
949 3218 1062 3284 praeter
1079 3216 1102 3268 B

127 3287 160 3336 15
179 3281 290 3336 ποτεΒ
315 3298 385 3337 corr.
409 3282 552 3352 Kiessling
625 3291 658 3340 16
683 3282 842 3356 βουτράτον
865 3287 888 3340 Β
962 3290 995 3339 18
1014 3302 1102 3353 σαφε-

93 3352 192 3422 στέραν
219 3353 242 3406 Β
333 3360 367 3409 20
391 3355 559 3424 Ακαρνάνας
591 3355 655 3409 add.
687 3358 751 3425 post
788 3356 933 3418 ναυτιλίας
959 3355 1103 3424 Kiessling

127 3430 159 3478 21
180 3421 417 3494 συνεπισπόμενοι
435 3442 456 3480 ο.
477 3426 590 3494 Reiske,
608 3426 753 3481 Meutzner
770 3429 841 3481 Ann.
851 3426 921 3496 phil.
933 3430 1001 3481 18⁷7
1013 3443 1038 3494 p.
1050 3432 1101 3482 826

98 3493 332 3564 συνεπισπόμενοι
351 3496 374 3550 0
447 3503 481 3551 22
499 3498 592 3568 θυρίῳ
611 3514 634 3553 ο.
653 3497 784 3553 Meineke

146 3603 242 3644 Dmm.
256 3605 320 3646 Hn.
334 3605 354 3645 Ι.
372 3615 411 3645 ιο.
425 3605 527 3646 ῖεοοετ.
926 3591 941 3639 6
