2454 3916
574 209 740 259 ..Γ-

153 374 248 450 ζοντο
272 364 456 455 ἀμφότεροι
478 363 519 434 τά
541 364 626 452 πρὸς
648 362 708 433 τὸν
731 362 891 452 πόλεμον,
916 363 957 433 οὐ
979 364 1088 452 μόνον
1112 366 1173 448 τὰς

153 479 278 554 οἰκείας
304 477 563 554 καθοπλίζοντες
592 469 768 558 δυνάμεις,
796 468 881 538 άλλά
910 471 965 539 καὶ
992 470 1052 552 τάς
1079 473 1172 562 παρά

152 586 221 652 τῶν
244 579 404 668 ὑπηκόων
428 577 696 665 ἐπικαλούμενοι·
726 575 771 658 ὡς
794 577 832 647 δὲ
854 577 963 647 πάντα
985 572 1030 664 ῆν
1053 577 1173 661 αὐτοῖς

151 687 293 777 εὐτρεπῆ
325 687 495 776 συνῄεσαν
531 682 633 773 ὁμόσε
668 685 725 752 καὶ
760 685 1172 773 καταστρατοπεδεύονται

111 820 124 860 5
151 794 394 882 τετταράκοντα
412 797 472 880 τῆς
489 788 617 880 Ῥώμης
635 794 794 871 σταδίους
812 789 1028 879 ἀποσχόντες·
1053 797 1088 861 οί
1103 794 1172 882 μὲν

148 899 305 987 Ἀλβανοὶ
345 900 422 986 περὶ
465 896 523 978 τάς
563 899 773 985 καλουμένας
812 903 975 980 Κλοιλίας
1017 900 1173 990 τάφρους

152 1007 375 1098 (φυλάττουσι
398 1003 462 1094 γάρ
487 1010 534 1073 ἐτι
560 1003 623 1091 τῆν
646 1007 707 1072 τοῦ
730 1004 1042 1088 κατασκευάσαντος
1065 1006 1173 1089 αὐτάς

151 1113 339 1202 ἐπίκλησιν)
360 1110 519 1200 Ῥωμαῖοι
550 1111 588 1179 δὲ
619 1109 735 1197 ὀλίγον
768 1113 933 1201 ἐνδοτέρω
964 1112 1025 1182 τὸν
1058 1117 1171 1202 ἐπιτη-

110 1219 325 1289 2δειότατον
349 1224 396 1300 είς
419 1221 678 1306 στρατοπεδείαν
700 1217 805 1287 τόπον
829 1218 1049 1308 ἐκλεξάμενοι.
1096 1223 1171 1291 ἐπεὶ

110 1353 136 1392 10
152 1327 189 1397 δὲ
218 1329 378 1396 συνεῖδον
406 1324 562 1412 άλλῆλων
589 1322 775 1413 άμφότεροι
808 1323 865 1405 τάς
898 1326 1060 1415 δυνάμεις
1090 1324 1171 1398 οὐτε

150 1433 275 1521 πλῆδει
297 1435 495 1520 λειπομένας
518 1429 595 1499 οὐτε
624 1428 801 1519 ὁπλισμοῖς
829 1429 971 1513 εὐτελεῖς
995 1433 1071 1503 οὐτε
1095 1450 1172 1516 ταῖς

150 1539 267 1621 άλλαις
289 1553 515 1628 παρασκευαῖς
544 1536 647 1617 οὐσας
669 1536 999 1626 εὐκαταφρονήτους,
1022 1544 1081 1628 τῆς
1104 1543 1171 1630 μὲν

149 1652 281 1736 ταχείας
308 1648 360 1714 έπὶ
388 1644 449 1714 τὸν
477 1643 594 1730 άγωνα
623 1642 743 1733 ὁρμῆς,
769 1641 814 1731 ἣν
843 1645 914 1714 κατ’
941 1643 1045 1735 άρχδις
1073 1646 1170 1736 εἶχον

151 1751 196 1834 ὡς
219 1752 302 1841 αὐτῆ
330 1751 444 1843 ἐφόδῳ
472 1750 673 1840 τρεψόμενοι
700 1750 781 1831 τούς
802 1757 998 1841 πολεμίους,
1021 1751 1222 1843 ἀπέστη-414

110 1881 136 1922 15
151 1879 228 1928 σαν·
265 1861 417 1945 φυλακῆς
454 1857 491 1926 δὲ
528 1861 657 1946 μᾶλλον
690 1854 711 1944 ῆ
748 1858 1049 1948 προεπιχειρήσεως
1085 1863 1170 1952 πρό-

149 1992 250 2034 νοιαν
278 1964 470 2053 ἐλάμβανον
497 1961 728 2052 ὑψηλοτέρους
756 1968 942 2054 ἐγείροντες
963 1965 1042 2046 τούς
1064 1969 1170 2059 χάρα-

148 2100 224 2158 κας,
252 2069 356 2160 είσῆει
382 2098 417 2140 τε
446 2069 558 2140 αὐτῶν
585 2084 656 2151 τοῖς
682 2071 911 2160 χαριεστάτοις
936 2073 1098 2162 λογισμὸς
1122 2074 1171 2157 ὡς

149 2177 235 2267 <οὐ>
251 2177 292 2245 τά
314 2176 473 2264 κράτιστα
495 2179 767 2265 βουλευομένοις,
789 2180 846 2247 καὶ
868 2179 1075 2268 κατάμεμψις
1098 2186 1169 2252 τῶν

110 2285 130 2348 3
150 2288 187 2354 ἐν
209 2287 305 2354 τέλει.
351 2285 535 2371 ἑλκομένου
558 2283 596 2352 δὲ
613 2287 675 2353 τού
698 2283 827 2372 χρόνον
850 2283 906 2352 διὰ
928 2290 1029 2373 κενῆς
1047 2287 1169 2377 (οὐδὲν

108 2417 136 2457 νο
149 2389 213 2481 γάρ
238 2390 257 2460 ὅ
280 2418 311 2460 τι
335 2390 390 2459 καὶ
413 2388 519 2476 λόγου
547 2388 642 2470 ἄξιον
670 2398 735 2458 είτε
762 2394 988 2479 καταδρομαῖς
1010 2396 1121 2474 ψιλῶν
1146 2392 1169 2482 ῆ

149 2506 356 2586 συμπλοκαῖς
384 2496 512 2565 ίππέων
542 2500 707 2581 ἔβλαπτον
736 2493 916 2583 άλλῆλονς)
942 2495 960 2565 δ
983 2502 1046 2567 τοῦ
1067 2504 1167 2588 πολέ-

148 2632 216 2694 μου
243 2603 344 2685 δόξας
373 2611 479 2682 αίτιος
505 2603 683 2689 γενονέναι
711 2608 871 2683 Κλοίλιος
897 2601 1089 2692 ἀχθόμενος
1113 2609 1168 2675 ἐπὶ

148 2716 187 2801 τῆ
212 2708 367 2802 άπράκτφ
391 2711 543 2801 καθέδρᾳ
561 2708 702 2796 γνώμην
722 2713 817 2797 ἐσχεν
836 2709 966 2796 ἐξάγειν
983 2709 1046 2799 τῆν
1066 2732 1167 2801 στρα-

148 2816 225 2886 τιάν
247 2818 304 2885 καὶ
325 2823 568 2905 προκαλεῖσθαι
586 2814 664 2896 τούς
687 2821 868 2902 πολεμίους
891 2821 939 2896 είς
961 2815 1083 2905 μάχην,
1105 2818 1167 2889 ἐάν

220 2982 238 3031 4
257 2979 390 3032 συνίεσαν
407 2978 430 3031 Β
451 2976 456 3046 Ι
476 2971 564 3047 ὁμόσε
582 2976 659 3031 BaR
686 2970 773 3047 ὁμόσε
797 2981 899 3046 χωρεῖν
921 2977 969 3032 Bb
1043 2983 1057 3032 7
1078 2998 1165 3034 κατα-

149 3043 333 3113 σκευάζοντος
351 3049 427 3103 λΒε,
491 3054 524 3102 12
544 3044 644 3110 οὐσαις
660 3049 707 3103 Ba
771 3051 803 3101 1⁷
823 3042 1018 3117 χαριεστάτοις
1036 3046 1077 3112 είς
1097 3046 1165 3114 τούς

148 3115 299 3203 λογισμούς
317 3118 340 3174 Ο
360 3135 429 3174 corr.
449 3118 573 3205 Sintenig
591 3119 652 3173 Em.
670 3117 780 3202 Qion.I
797 3136 825 3206 ρ.
840 3125 875 3173 30
893 3139 918 3187 χ.
937 3120 988 3208 vaf>
1008 3123 1164 3190 συγγενοῦς

147 3190 194 3246 vel
212 3210 263 3259 της
279 3191 445 3259 συγγενείας
458 3192 588 3260 λογισμος
607 3206 629 3245 ο.
643 3190 747 3245 Re1ske
761 3208 828 3252 τους
841 3208 1042 3260 χαριεστάτους
1051 3222 1085 3233 -
1096 3194 1163 3263 βου-

147 3259 318 3331 λενομένονς
336 3277 359 3316 ο.
379 3260 470 3317 Cobet
488 3259 590 3315 Mnem.
609 3260 649 3315 IX
671 3279 699 3331 p.
719 3266 771 3315 319
848 3266 882 3317 18
902 3255 936 3316 οὐ
955 3261 1018 3316 add.
1039 3261 1163 3318 Sintenis

147 3331 199 3387 1.1.
217 3336 221 3401 Ι
237 3327 419 3414 κατάμεμψις
440 3332 486 3388 Bb
504 3332 606 3387 Reiske
625 3331 820 3403 καταμέμψεις
838 3332 913 3389 BaR
989 3338 1024 3388 20
1043 3326 1119 3403 *ἦγε
1139 3334 1163 3389 Ο

147 3404 242 3475 Lapus
269 3420 318 3473 qm
344 3403 431 3458 vertit
459 3403 525 3458 ‘aut
552 3401 777 3459 decursionibus'
807 3399 881 3474 ῆγε
905 3404 952 3459 vel
976 3406 1033 3461 εἴτε
1060 3405 1162 3476 legisse

147 3475 267 3545 videtur,
285 3465 322 3544 ῆν
339 3473 441 3530 Reiske
509 3479 542 3529 21
562 3469 577 3529 ὁ
597 3472 630 3530 δὲ
648 3475 699 3530 τοῦ
718 3473 766 3530 Bb
834 3481 869 3531 24
887 3479 1122 3546 προκαλεῖσθαι
1140 3476 1164 3530 Β
