<?xml version="1.0" encoding="UTF-8"?>
<!DOCTYPE html PUBLIC "-//W3C//DTD XHTML 1.0 Transitional//EN"
    "http://www.w3.org/TR/xhtml1/DTD/xhtml1-transitional.dtd">
<html xmlns="http://www.w3.org/1999/xhtml" xml:lang="en" lang="en">
 <head>
  <title>
</title>
<meta http-equiv="Content-Type" content="text/html;charset=utf-8" />
  <meta name='ocr-system' content='tesseract 3.04.00' />
  <meta name='ocr-capabilities' content='ocr_page ocr_carea ocr_par ocr_line ocrx_word'/>
</head>
<body>
  <div class='ocr_page' id='page_1' title='image "./dionysihalicarn01diongoog_0125.png"; bbox 0 0 2454 3916; ppageno 0'>
   <div class='ocr_carea' id='block_1_1' title="bbox 137 198 726 264">
    <p class='ocr_par' dir='ltr' id='par_1_1' title="bbox 137 198 726 264">
     <span class='ocr_line' id='line_1_1' title="bbox 137 198 726 264; baseline -0.002 0"><span class='ocrx_word' id='word_1_1' title='bbox 137 201 203 264; x_wconf 89' lang='grc'><strong><em>110</em></strong></span> <span class='ocrx_word' id='word_1_2' title='bbox 559 198 726 252; x_wconf 81' lang='grc' dir='ltr'><strong><em>-Α-</em></strong></span> 
     </span>
    </p>
   </div>
   <div class='ocr_carea' id='block_1_2' title="bbox 94 355 1210 3275">
    <p class='ocr_par' dir='ltr' id='par_1_2' title="bbox 94 355 1210 3256">
     <span class='ocr_line' id='line_1_2' title="bbox 136 355 1157 457; baseline 0 -29"><span class='ocrx_word' id='word_1_3' title='bbox 136 387 171 428; x_wconf 87' lang='grc' dir='ltr'><strong><em>τε</em></strong></span> <span class='ocrx_word' id='word_1_4' title='bbox 189 357 213 457; x_wconf 51' lang='grc' dir='ltr'><strong><em>,ὁ</em></strong></span> <span class='ocrx_word' id='word_1_5' title='bbox 236 361 313 448; x_wconf 80' lang='grc' dir='ltr'><strong><em>περὶ</em></strong></span> <span class='ocrx_word' id='word_1_6' title='bbox 331 356 563 448; x_wconf 75' lang='grc' dir='ltr'><strong><em>Σαμοθρᾴκης</em></strong></span> <span class='ocrx_word' id='word_1_7' title='bbox 584 355 834 445; x_wconf 77' lang='grc' dir='ltr'><strong><em>συνταξάμενος</em></strong></span> <span class='ocrx_word' id='word_1_8' title='bbox 855 360 985 445; x_wconf 80' lang='grc' dir='ltr'><strong><em>ίστορεῖ</em></strong></span> <span class='ocrx_word' id='word_1_9' title='bbox 1003 361 1061 427; x_wconf 80' lang='grc' dir='ltr'><strong><em>καὶ</em></strong></span> <span class='ocrx_word' id='word_1_10' title='bbox 1082 360 1157 428; x_wconf 86' lang='grc' dir='ltr'><strong><em>Σά-</em></strong></span> 
     </span>
     <span class='ocr_line' id='line_1_3' title="bbox 134 462 1157 554; baseline -0.001 -19"><span class='ocrx_word' id='word_1_11' title='bbox 134 493 236 554; x_wconf 90' lang='grc' dir='ltr'><strong><em>τυρος</em></strong></span> <span class='ocrx_word' id='word_1_12' title='bbox 259 463 278 535; x_wconf 89' lang='grc' dir='ltr'>ὁ</span> <span class='ocrx_word' id='word_1_13' title='bbox 300 465 380 546; x_wconf 81' lang='grc' dir='ltr'><strong><em>τοὺς</em></strong></span> <span class='ocrx_word' id='word_1_14' title='bbox 401 465 563 553; x_wconf 77' lang='grc' dir='ltr'><em>ἀρχαίους</em></span> <span class='ocrx_word' id='word_1_15' title='bbox 584 464 717 553; x_wconf 79' lang='grc' dir='ltr'><em>μύθους</em></span> <span class='ocrx_word' id='word_1_16' title='bbox 743 462 947 551; x_wconf 75' lang='grc' dir='ltr'><strong><em>συναγαγὼν</em></strong></span> <span class='ocrx_word' id='word_1_17' title='bbox 972 466 1030 533; x_wconf 79' lang='grc' dir='ltr'><strong><em>καὶ</em></strong></span> <span class='ocrx_word' id='word_1_18' title='bbox 1053 464 1157 534; x_wconf 77' lang='grc' dir='ltr'><strong><em>ἄλλοι</em></strong></span> 
     </span>
     <span class='ocr_line' id='line_1_4' title="bbox 136 563 1155 662; baseline -0.002 -20"><span class='ocrx_word' id='word_1_19' title='bbox 136 578 272 662; x_wconf 83' lang='grc' dir='ltr'><strong><em>συχνοί,</em></strong></span> <span class='ocrx_word' id='word_1_20' title='bbox 299 572 521 652; x_wconf 80' lang='grc' dir='ltr'><strong><em>παλαιότατος</em></strong></span> <span class='ocrx_word' id='word_1_21' title='bbox 544 571 582 640; x_wconf 70' lang='grc' dir='ltr'><strong><em>δὲ</em></strong></span> <span class='ocrx_word' id='word_1_22' title='bbox 606 563 655 640; x_wconf 74' lang='grc' dir='ltr'><strong><em>ὧν</em></strong></span> <span class='ocrx_word' id='word_1_23' title='bbox 677 569 772 660; x_wconf 78' lang='grc' dir='ltr'><strong><em>ἡμεῖς</em></strong></span> <span class='ocrx_word' id='word_1_24' title='bbox 799 580 897 658; x_wconf 82' lang='grc' dir='ltr'><strong><em>ίσμεν</em></strong></span> <span class='ocrx_word' id='word_1_25' title='bbox 919 569 1059 659; x_wconf 80' lang='grc' dir='ltr'><strong><em>ποιητὴς</em></strong></span> <span class='ocrx_word' id='word_1_26' title='bbox 1079 570 1155 662; x_wconf 85' lang='grc' dir='ltr'><strong><em>Ἀρ-</em></strong></span> 
     </span>
     <span class='ocr_line' id='line_1_5' title="bbox 100 669 1157 767; baseline -0.002 -19"><span class='ocrx_word' id='word_1_27' title='bbox 100 684 255 760; x_wconf 81' lang='grc' dir='ltr'><strong><em>3κτίνος.</em></strong></span> <span class='ocrx_word' id='word_1_28' title='bbox 300 682 437 765; x_wconf 88' lang='grc' dir='ltr'><strong><em>λέγουσι</em></strong></span> <span class='ocrx_word' id='word_1_29' title='bbox 464 683 550 765; x_wconf 79' lang='grc' dir='ltr'><strong><em>γοῦν</em></strong></span> <span class='ocrx_word' id='word_1_30' title='bbox 579 669 663 746; x_wconf 78' lang='grc' dir='ltr'><strong><em>ὦδε·</em></strong></span> <span class='ocrx_word' id='word_1_31' title='bbox 694 676 834 767; x_wconf 82' lang='grc' dir='ltr'><strong><em>Χράσην</em></strong></span> <span class='ocrx_word' id='word_1_32' title='bbox 860 676 923 766; x_wconf 80' lang='grc' dir='ltr'><strong><em>τὴν</em></strong></span> <span class='ocrx_word' id='word_1_33' title='bbox 950 677 1157 759; x_wconf 77' lang='grc' dir='ltr'><strong><em>Πάλλαντος</em></strong></span> 
     </span>
     <span class='ocr_line' id='line_1_6' title="bbox 110 783 1157 876; baseline 0.001 -24"><span class='ocrx_word' id='word_1_34' title='bbox 110 789 309 875; x_wconf 75' lang='grc' dir='ltr'><strong><em>σθνγατέρα</em></strong></span> <span class='ocrx_word' id='word_1_35' title='bbox 336 787 532 873; x_wconf 80' lang='grc' dir='ltr'><strong><em>γημαμένην</em></strong></span> <span class='ocrx_word' id='word_1_36' title='bbox 556 784 728 876; x_wconf 76' lang='grc' dir='ltr'><strong><em>Δαρδάνῳ</em></strong></span> <span class='ocrx_word' id='word_1_37' title='bbox 756 783 883 873; x_wconf 83' lang='grc' dir='ltr'><strong><em>φερνὰς</em></strong></span> <span class='ocrx_word' id='word_1_38' title='bbox 905 787 1157 871; x_wconf 76' lang='grc' dir='ltr'><strong><em>ἐπενέγκασθαι</em></strong></span> 
     </span>
     <span class='ocr_line' id='line_1_7' title="bbox 137 890 1155 983; baseline 0 -23"><span class='ocrx_word' id='word_1_39' title='bbox 137 892 265 983; x_wconf 83' lang='grc' dir='ltr'><strong><em>δωρεάς</em></strong></span> <span class='ocrx_word' id='word_1_40' title='bbox 288 891 436 979; x_wconf 81' lang='grc' dir='ltr'><strong><em>Ἀθηνᾶς</em></strong></span> <span class='ocrx_word' id='word_1_41' title='bbox 465 890 507 961; x_wconf 89' lang='grc' dir='ltr'><strong><em>τά</em></strong></span> <span class='ocrx_word' id='word_1_42' title='bbox 537 917 573 961; x_wconf 87' lang='grc' dir='ltr'><strong><em>τε</em></strong></span> <span class='ocrx_word' id='word_1_43' title='bbox 605 890 784 960; x_wconf 77' lang='grc' dir='ltr'><strong><em>Παλλάδια</em></strong></span> <span class='ocrx_word' id='word_1_44' title='bbox 813 893 871 959; x_wconf 80' lang='grc' dir='ltr'><strong><em>καὶ</em></strong></span> <span class='ocrx_word' id='word_1_45' title='bbox 902 890 943 961; x_wconf 82' lang='grc' dir='ltr'><strong><em>τά</em></strong></span> <span class='ocrx_word' id='word_1_46' title='bbox 974 890 1050 981; x_wconf 87' lang='grc' dir='ltr'><strong><em>ίερδι</em></strong></span> <span class='ocrx_word' id='word_1_47' title='bbox 1080 895 1155 960; x_wconf 76' lang='grc' dir='ltr'><strong><em>τῶν</em></strong></span> 
     </span>
     <span class='ocr_line' id='line_1_8' title="bbox 135 996 1155 1088; baseline -0.002 -20"><span class='ocrx_word' id='word_1_48' title='bbox 135 999 290 1088; x_wconf 87' lang='grc' dir='ltr'><strong><em>μεγάλων</em></strong></span> <span class='ocrx_word' id='word_1_49' title='bbox 312 1003 406 1067; x_wconf 78' lang='grc' dir='ltr'><strong><em>θεῶν</em></strong></span> <span class='ocrx_word' id='word_1_50' title='bbox 430 1003 652 1085; x_wconf 74' lang='grc' dir='ltr'><strong><em>διδαχθεῖσαν</em></strong></span> <span class='ocrx_word' id='word_1_51' title='bbox 672 997 784 1068; x_wconf 76' lang='grc' dir='ltr'><strong><em>αὐτῶν</em></strong></span> <span class='ocrx_word' id='word_1_52' title='bbox 796 996 855 1079; x_wconf 81' lang='grc' dir='ltr'><strong><em>τὰς</em></strong></span> <span class='ocrx_word' id='word_1_53' title='bbox 867 998 1008 1080; x_wconf 86' lang='grc' dir='ltr'><strong><em>τελετάς.</em></strong></span> <span class='ocrx_word' id='word_1_54' title='bbox 1035 997 1155 1086; x_wconf 80' lang='grc' dir='ltr'><strong><em>ἐπειδὴ</em></strong></span> 
     </span>
     <span class='ocr_line' id='line_1_9' title="bbox 137 1103 1154 1194; baseline -0.001 -20"><span class='ocrx_word' id='word_1_55' title='bbox 137 1105 174 1174; x_wconf 69' lang='grc' dir='ltr'><strong><em>δὲ</em></strong></span> <span class='ocrx_word' id='word_1_56' title='bbox 196 1103 259 1192; x_wconf 77' lang='grc' dir='ltr'><strong><em>τὴν</em></strong></span> <span class='ocrx_word' id='word_1_57' title='bbox 282 1106 468 1194; x_wconf 77' lang='grc' dir='ltr'><strong><em>ἐπομβρίαν</em></strong></span> <span class='ocrx_word' id='word_1_58' title='bbox 495 1105 679 1193; x_wconf 85' lang='grc' dir='ltr'><strong><em>φεύγοντες</em></strong></span> <span class='ocrx_word' id='word_1_59' title='bbox 697 1104 854 1193; x_wconf 86' lang='grc' dir='ltr'><strong><em>Ἀρκάδες</em></strong></span> <span class='ocrx_word' id='word_1_60' title='bbox 880 1104 1154 1191; x_wconf 85' lang='grc' dir='ltr'><strong><em>Πελοπόννησον</em></strong></span> 
     </span>
     <span class='ocr_line' id='line_1_10' title="bbox 136 1210 1157 1302; baseline 0 -22"><span class='ocrx_word' id='word_1_61' title='bbox 136 1212 198 1300; x_wconf 74' lang='grc' dir='ltr'><strong><em>μὲν</em></strong></span> <span class='ocrx_word' id='word_1_62' title='bbox 231 1214 402 1297; x_wconf 78' lang='grc' dir='ltr'><strong><em>ἐξέλιπον,</em></strong></span> <span class='ocrx_word' id='word_1_63' title='bbox 434 1213 471 1279; x_wconf 83' lang='grc' dir='ltr'><strong><em>έν</em></strong></span> <span class='ocrx_word' id='word_1_64' title='bbox 504 1211 542 1279; x_wconf 73' lang='grc' dir='ltr'><strong><em>δὲ</em></strong></span> <span class='ocrx_word' id='word_1_65' title='bbox 577 1217 618 1301; x_wconf 76' lang='grc' dir='ltr'><strong><em>τῇ</em></strong></span> <span class='ocrx_word' id='word_1_66' title='bbox 650 1217 778 1302; x_wconf 76' lang='grc' dir='ltr'><strong><em>Θρηικίη</em></strong></span> <span class='ocrx_word' id='word_1_67' title='bbox 808 1211 903 1302; x_wconf 81' lang='grc' dir='ltr'><strong><em>νήσῳ</em></strong></span> <span class='ocrx_word' id='word_1_68' title='bbox 938 1210 1019 1291; x_wconf 79' lang='grc' dir='ltr'><strong><em>τοὺς</em></strong></span> <span class='ocrx_word' id='word_1_69' title='bbox 1053 1215 1157 1298; x_wconf 87' lang='grc' dir='ltr'><strong><em>βίους</em></strong></span> 
     </span>
     <span class='ocr_line' id='line_1_11' title="bbox 96 1316 1153 1408; baseline 0.004 -25"><span class='ocrx_word' id='word_1_70' title='bbox 96 1347 122 1386; x_wconf 82' lang='grc' dir='ltr'><strong><em>ιο</em></strong></span> <span class='ocrx_word' id='word_1_71' title='bbox 136 1319 331 1408; x_wconf 81' lang='grc' dir='ltr'><strong><em>ἱδρύσαντο,</em></strong></span> <span class='ocrx_word' id='word_1_72' title='bbox 354 1317 598 1387; x_wconf 85' lang='grc' dir='ltr'><strong><em>κατασκευάσαι</em></strong></span> <span class='ocrx_word' id='word_1_73' title='bbox 619 1317 680 1388; x_wconf 87' lang='grc' dir='ltr'><strong><em>τὸν</em></strong></span> <span class='ocrx_word' id='word_1_74' title='bbox 702 1316 888 1406; x_wconf 91' lang='grc' dir='ltr'><strong><em>Δάρδανον</em></strong></span> <span class='ocrx_word' id='word_1_75' title='bbox 911 1320 1062 1386; x_wconf 79' lang='grc' dir='ltr'><strong><em>ἐνταῦθα</em></strong></span> <span class='ocrx_word' id='word_1_76' title='bbox 1081 1322 1153 1387; x_wconf 79' lang='grc' dir='ltr'><strong><em>τῶν</em></strong></span> 
     </span>
     <span class='ocr_line' id='line_1_12' title="bbox 134 1424 1153 1515; baseline -0.002 -20"><span class='ocrx_word' id='word_1_77' title='bbox 134 1432 228 1496; x_wconf 78' lang='grc' dir='ltr'><strong><em>θεῶν</em></strong></span> <span class='ocrx_word' id='word_1_78' title='bbox 259 1425 390 1495; x_wconf 83' lang='grc' dir='ltr'><strong><em>τούτων</em></strong></span> <span class='ocrx_word' id='word_1_79' title='bbox 423 1424 517 1513; x_wconf 87' lang='grc' dir='ltr'><strong><em>ίερδν</em></strong></span> <span class='ocrx_word' id='word_1_80' title='bbox 548 1424 716 1515; x_wconf 80' lang='grc' dir='ltr'><strong><em>άρρητους</em></strong></span> <span class='ocrx_word' id='word_1_81' title='bbox 742 1440 813 1507; x_wconf 83' lang='grc' dir='ltr'><strong><em>τοῖς</em></strong></span> <span class='ocrx_word' id='word_1_82' title='bbox 838 1425 955 1506; x_wconf 79' lang='grc' dir='ltr'><strong><em>ἄλλοις</em></strong></span> <span class='ocrx_word' id='word_1_83' title='bbox 985 1428 1153 1494; x_wconf 80' lang='grc' dir='ltr'><strong><em>ποιοῦντα</em></strong></span> 
     </span>
     <span class='ocr_line' id='line_1_13' title="bbox 134 1529 1153 1619; baseline -0.003 -16"><span class='ocrx_word' id='word_1_84' title='bbox 134 1533 193 1613; x_wconf 83' lang='grc' dir='ltr'><strong><em>τὰς</em></strong></span> <span class='ocrx_word' id='word_1_85' title='bbox 225 1538 334 1612; x_wconf 90' lang='grc' dir='ltr'><strong><em>ίδίους</em></strong></span> <span class='ocrx_word' id='word_1_86' title='bbox 357 1531 470 1601; x_wconf 80' lang='grc' dir='ltr'><strong><em>αὐτῶν</em></strong></span> <span class='ocrx_word' id='word_1_87' title='bbox 498 1530 682 1619; x_wconf 84' lang='grc' dir='ltr'><strong><em>ὀνομασίας</em></strong></span> <span class='ocrx_word' id='word_1_88' title='bbox 712 1534 770 1600; x_wconf 79' lang='grc' dir='ltr'><strong><em>καί</em></strong></span> <span class='ocrx_word' id='word_1_89' title='bbox 796 1530 856 1612; x_wconf 83' lang='grc' dir='ltr'><strong><em>τὰς</em></strong></span> <span class='ocrx_word' id='word_1_90' title='bbox 881 1530 1013 1612; x_wconf 81' lang='grc' dir='ltr'><strong><em>τελετάς</em></strong></span> <span class='ocrx_word' id='word_1_91' title='bbox 1035 1529 1153 1612; x_wconf 80' lang='grc' dir='ltr'><strong><em>αὐτοῖς</em></strong></span> 
     </span>
     <span class='ocr_line' id='line_1_14' title="bbox 135 1635 1152 1730; baseline -0.003 -21"><span class='ocrx_word' id='word_1_92' title='bbox 135 1638 193 1720; x_wconf 81' lang='grc' dir='ltr'><strong><em>τὰς</em></strong></span> <span class='ocrx_word' id='word_1_93' title='bbox 222 1642 279 1708; x_wconf 80' lang='grc' dir='ltr'><strong><em>καὶ</em></strong></span> <span class='ocrx_word' id='word_1_94' title='bbox 311 1645 359 1720; x_wconf 89' lang='grc' dir='ltr'><strong><em>είς</em></strong></span> <span class='ocrx_word' id='word_1_95' title='bbox 388 1639 468 1709; x_wconf 89' lang='grc' dir='ltr'><strong><em>τόδε</em></strong></span> <span class='ocrx_word' id='word_1_96' title='bbox 500 1638 628 1726; x_wconf 84' lang='grc' dir='ltr'><strong><em>χρόνον</em></strong></span> <span class='ocrx_word' id='word_1_97' title='bbox 658 1641 840 1726; x_wconf 89' lang='grc' dir='ltr'><strong><em>γινομένας</em></strong></span> <span class='ocrx_word' id='word_1_98' title='bbox 870 1635 937 1707; x_wconf 83' lang='grc' dir='ltr'><strong><em>ὑπὸ</em></strong></span> <span class='ocrx_word' id='word_1_99' title='bbox 964 1638 1152 1730; x_wconf 78' lang='grc' dir='ltr'><strong><em>Σαμοθρᾴ-</em></strong></span> 
     </span>
     <span class='ocr_line' id='line_1_15' title="bbox 99 1742 1210 1833; baseline -0.002 -15"><span class='ocrx_word' id='word_1_100' title='bbox 99 1755 205 1818; x_wconf 86' lang='grc' dir='ltr'><strong><em>4κων</em></strong></span> <span class='ocrx_word' id='word_1_101' title='bbox 242 1748 412 1815; x_wconf 78' lang='grc' dir='ltr'><strong><em>ἐπιτελεῖν.</em></strong></span> <span class='ocrx_word' id='word_1_102' title='bbox 457 1742 503 1826; x_wconf 79' lang='grc' dir='ltr'><strong><em>ὡς</em></strong></span> <span class='ocrx_word' id='word_1_103' title='bbox 534 1744 573 1813; x_wconf 70' lang='grc' dir='ltr'><strong><em>δὲ</em></strong></span> <span class='ocrx_word' id='word_1_104' title='bbox 608 1749 728 1833; x_wconf 78' lang='grc' dir='ltr'><strong><em>μετῆγε</em></strong></span> <span class='ocrx_word' id='word_1_105' title='bbox 758 1749 820 1814; x_wconf 79' lang='grc' dir='ltr'><strong><em>τοῦ</em></strong></span> <span class='ocrx_word' id='word_1_106' title='bbox 852 1742 917 1813; x_wconf 78' lang='grc' dir='ltr'><strong><em>λεὼ</em></strong></span> <span class='ocrx_word' id='word_1_107' title='bbox 947 1742 1010 1832; x_wconf 81' lang='grc' dir='ltr'><strong><em>τὴν</em></strong></span> <span class='ocrx_word' id='word_1_108' title='bbox 1041 1750 1210 1816; x_wconf 70' lang='grc' dir='ltr'><strong><em>πλείῳιιε</em></strong></span> 
     </span>
     <span class='ocr_line' id='line_1_16' title="bbox 95 1849 1154 1942; baseline -0.006 -16"><span class='ocrx_word' id='word_1_109' title='bbox 95 1887 121 1926; x_wconf 86' lang='lat'><strong><em>15</em></strong></span> <span class='ocrx_word' id='word_1_110' title='bbox 135 1867 258 1941; x_wconf 80' lang='grc' dir='ltr'><strong><em>μοῖραν</em></strong></span> <span class='ocrx_word' id='word_1_111' title='bbox 291 1858 339 1933; x_wconf 85' lang='grc' dir='ltr'><strong><em>είς</em></strong></span> <span class='ocrx_word' id='word_1_112' title='bbox 370 1850 432 1939; x_wconf 81' lang='grc' dir='ltr'><strong><em>τὴν</em></strong></span> <span class='ocrx_word' id='word_1_113' title='bbox 461 1851 575 1920; x_wconf 87' lang='grc' dir='ltr'><strong><em>Ἀσίαν</em></strong></span> <span class='ocrx_word' id='word_1_114' title='bbox 604 1849 645 1921; x_wconf 84' lang='grc' dir='ltr'><strong><em>τὰ</em></strong></span> <span class='ocrx_word' id='word_1_115' title='bbox 675 1851 737 1940; x_wconf 58' lang='grc' dir='ltr'><strong><em>μὲν</em></strong></span> <span class='ocrx_word' id='word_1_116' title='bbox 768 1849 842 1942; x_wconf 85' lang='grc' dir='ltr'><strong><em>ίερδι</em></strong></span> <span class='ocrx_word' id='word_1_117' title='bbox 869 1856 939 1920; x_wconf 79' lang='grc' dir='ltr'><strong><em>τῶν</em></strong></span> <span class='ocrx_word' id='word_1_118' title='bbox 968 1855 1062 1920; x_wconf 75' lang='grc' dir='ltr'><strong><em>θεῶν</em></strong></span> <span class='ocrx_word' id='word_1_119' title='bbox 1094 1854 1154 1921; x_wconf 81' lang='grc' dir='ltr'><strong><em>καὶ</em></strong></span> 
     </span>
     <span class='ocr_line' id='line_1_17' title="bbox 134 1956 1154 2049; baseline -0.001 -21"><span class='ocrx_word' id='word_1_120' title='bbox 134 1957 194 2039; x_wconf 84' lang='grc' dir='ltr'><strong><em>τὰς</em></strong></span> <span class='ocrx_word' id='word_1_121' title='bbox 223 1957 355 2039; x_wconf 85' lang='grc' dir='ltr'><strong><em>τελετάς</em></strong></span> <span class='ocrx_word' id='word_1_122' title='bbox 384 1973 456 2038; x_wconf 82' lang='grc' dir='ltr'><strong><em>τοῖς</em></strong></span> <span class='ocrx_word' id='word_1_123' title='bbox 485 1956 709 2046; x_wconf 83' lang='grc' dir='ltr'><strong><em>ὑπομείνασιν</em></strong></span> <span class='ocrx_word' id='word_1_124' title='bbox 741 1960 779 2026; x_wconf 81' lang='grc' dir='ltr'><strong><em>ἐν</em></strong></span> <span class='ocrx_word' id='word_1_125' title='bbox 809 1962 850 2047; x_wconf 75' lang='grc' dir='ltr'><strong><em>τῇ</em></strong></span> <span class='ocrx_word' id='word_1_126' title='bbox 887 1957 981 2049; x_wconf 80' lang='grc' dir='ltr'><strong><em>νήσῳ</em></strong></span> <span class='ocrx_word' id='word_1_127' title='bbox 1017 1967 1154 2031; x_wconf 87' lang='grc' dir='ltr'><strong><em>καταλι-</em></strong></span> 
     </span>
     <span class='ocr_line' id='line_1_18' title="bbox 135 2063 1155 2152; baseline 0 -18"><span class='ocrx_word' id='word_1_128' title='bbox 135 2079 228 2134; x_wconf 85' lang='grc' dir='ltr'><strong><em>πεῖν·</em></strong></span> <span class='ocrx_word' id='word_1_129' title='bbox 259 2065 300 2134; x_wconf 84' lang='grc' dir='ltr'><strong><em>τδι</em></strong></span> <span class='ocrx_word' id='word_1_130' title='bbox 328 2065 366 2134; x_wconf 77' lang='grc' dir='ltr'><strong><em>δὲ</em></strong></span> <span class='ocrx_word' id='word_1_131' title='bbox 388 2063 567 2134; x_wconf 92' lang='grc' dir='ltr'><strong><em>Παλλάδια</em></strong></span> <span class='ocrx_word' id='word_1_132' title='bbox 592 2066 649 2133; x_wconf 81' lang='grc' dir='ltr'><strong><em>καὶ</em></strong></span> <span class='ocrx_word' id='word_1_133' title='bbox 676 2063 736 2145; x_wconf 82' lang='grc' dir='ltr'><strong><em>τάς</em></strong></span> <span class='ocrx_word' id='word_1_134' title='bbox 762 2068 874 2152; x_wconf 80' lang='grc' dir='ltr'><strong><em>&lt;τῶν&gt;</em></strong></span> <span class='ocrx_word' id='word_1_135' title='bbox 896 2068 990 2133; x_wconf 77' lang='grc' dir='ltr'><strong><em>θεῶν</em></strong></span> <span class='ocrx_word' id='word_1_136' title='bbox 1017 2064 1155 2148; x_wconf 83' lang='grc' dir='ltr'><strong><em>εἰκόνας</em></strong></span> 
     </span>
     <span class='ocr_line' id='line_1_19' title="bbox 134 2168 1155 2259; baseline 0.002 -20"><span class='ocrx_word' id='word_1_137' title='bbox 134 2170 470 2259; x_wconf 79' lang='grc' dir='ltr'><strong><em>κατασκευασάμενον</em></strong></span> <span class='ocrx_word' id='word_1_138' title='bbox 505 2169 694 2256; x_wconf 76' lang='grc' dir='ltr'><strong><em>ἀγαγέσθαι</em></strong></span> <span class='ocrx_word' id='word_1_139' title='bbox 729 2169 805 2258; x_wconf 86' lang='grc' dir='ltr'><strong><em>μετ’</em></strong></span> <span class='ocrx_word' id='word_1_140' title='bbox 845 2168 959 2239; x_wconf 75' lang='grc' dir='ltr'><strong><em>αὐτοῦ.</em></strong></span> <span class='ocrx_word' id='word_1_141' title='bbox 1009 2175 1155 2259; x_wconf 90' lang='grc' dir='ltr'><strong><em>διαμαν-</em></strong></span> 
     </span>
     <span class='ocr_line' id='line_1_20' title="bbox 135 2275 1155 2368; baseline -0.001 -20"><span class='ocrx_word' id='word_1_142' title='bbox 135 2279 318 2368; x_wconf 88' lang='grc' dir='ltr'><strong><em>τευόμενον</em></strong></span> <span class='ocrx_word' id='word_1_143' title='bbox 347 2279 385 2347; x_wconf 71' lang='grc' dir='ltr'><strong><em>δὲ</em></strong></span> <span class='ocrx_word' id='word_1_144' title='bbox 411 2279 487 2366; x_wconf 77' lang='grc' dir='ltr'><strong><em>περὶ</em></strong></span> <span class='ocrx_word' id='word_1_145' title='bbox 513 2281 573 2364; x_wconf 83' lang='grc' dir='ltr'><strong><em>τῆς</em></strong></span> <span class='ocrx_word' id='word_1_146' title='bbox 602 2275 762 2364; x_wconf 78' lang='grc' dir='ltr'><strong><em>οἰκήσεως</em></strong></span> <span class='ocrx_word' id='word_1_147' title='bbox 790 2275 831 2346; x_wconf 91' lang='grc' dir='ltr'><strong><em>τά</em></strong></span> <span class='ocrx_word' id='word_1_148' title='bbox 852 2303 889 2346; x_wconf 90' lang='grc' dir='ltr'><strong><em>τε</em></strong></span> <span class='ocrx_word' id='word_1_149' title='bbox 915 2275 1002 2345; x_wconf 83' lang='grc' dir='ltr'><strong><em>άλλα</em></strong></span> <span class='ocrx_word' id='word_1_150' title='bbox 1024 2287 1155 2364; x_wconf 80' lang='grc' dir='ltr'><strong><em>μαθεῖν</em></strong></span> 
     </span>
     <span class='ocr_line' id='line_1_21' title="bbox 94 2381 1156 2474; baseline -0.005 -16"><span class='ocrx_word' id='word_1_151' title='bbox 94 2419 121 2458; x_wconf 78' lang='lat'><strong><em>20</em></strong></span> <span class='ocrx_word' id='word_1_152' title='bbox 134 2389 190 2456; x_wconf 79' lang='grc' dir='ltr'><strong><em>καί</em></strong></span> <span class='ocrx_word' id='word_1_153' title='bbox 212 2387 288 2473; x_wconf 78' lang='grc' dir='ltr'><strong><em>περὶ</em></strong></span> <span class='ocrx_word' id='word_1_154' title='bbox 310 2389 379 2455; x_wconf 75' lang='grc' dir='ltr'><strong><em>τῶν</em></strong></span> <span class='ocrx_word' id='word_1_155' title='bbox 403 2387 504 2474; x_wconf 77' lang='grc' dir='ltr'><strong><em>ίερῶν</em></strong></span> <span class='ocrx_word' id='word_1_156' title='bbox 526 2388 586 2471; x_wconf 82' lang='grc' dir='ltr'><strong><em>τῆς</em></strong></span> <span class='ocrx_word' id='word_1_157' title='bbox 609 2387 762 2472; x_wconf 81' lang='grc' dir='ltr'><strong><em>φυλακῆς</em></strong></span> <span class='ocrx_word' id='word_1_158' title='bbox 784 2383 887 2452; x_wconf 89' lang='grc' dir='ltr'><strong><em>τόνδε</em></strong></span> <span class='ocrx_word' id='word_1_159' title='bbox 908 2381 970 2452; x_wconf 89' lang='grc' dir='ltr'><strong><em>τὸν</em></strong></span> <span class='ocrx_word' id='word_1_160' title='bbox 996 2383 1156 2473; x_wconf 80' lang='grc' dir='ltr'><strong><em>χρησμὸν</em></strong></span> 
     </span>
     <span class='ocr_line' id='line_1_22' title="bbox 134 2498 268 2579; baseline -0.007 -18"><span class='ocrx_word' id='word_1_161' title='bbox 134 2498 268 2579; x_wconf 82' lang='grc' dir='ltr'><strong><em>λαβεῖν·</em></strong></span> 
     </span>
     <span class='ocr_line' id='line_1_23' title="bbox 180 2593 1125 2688; baseline 0.001 -21"><span class='ocrx_word' id='word_1_162' title='bbox 180 2604 241 2679; x_wconf 86' lang='grc' dir='ltr'><strong><em>Είς</em></strong></span> <span class='ocrx_word' id='word_1_163' title='bbox 262 2596 363 2666; x_wconf 87' lang='grc' dir='ltr'><strong><em>πόλιν</em></strong></span> <span class='ocrx_word' id='word_1_164' title='bbox 387 2593 431 2684; x_wconf 81' lang='grc' dir='ltr'><strong><em>ἣν</em></strong></span> <span class='ocrx_word' id='word_1_165' title='bbox 453 2601 616 2688; x_wconf 82' lang='grc' dir='ltr'><strong><em>κτίζησθα</em></strong></span> <span class='ocrx_word' id='word_1_166' title='bbox 638 2607 735 2678; x_wconf 84' lang='grc' dir='ltr'><strong><em>θεοῖς</em></strong></span> <span class='ocrx_word' id='word_1_167' title='bbox 757 2599 858 2684; x_wconf 86' lang='grc' dir='ltr'><strong><em>σέβας</em></strong></span> <span class='ocrx_word' id='word_1_168' title='bbox 880 2596 1031 2685; x_wconf 80' lang='grc' dir='ltr'><strong><em>ἄφθιτον</em></strong></span> <span class='ocrx_word' id='word_1_169' title='bbox 1054 2601 1125 2668; x_wconf 80' lang='grc' dir='ltr'><strong><em>αίεὶ</em></strong></span> 
     </span>
     <span class='ocr_line' id='line_1_24' title="bbox 178 2704 1155 2791; baseline 0.001 -17"><span class='ocrx_word' id='word_1_170' title='bbox 178 2715 305 2789; x_wconf 82' lang='grc' dir='ltr'><strong><em>θεῖναι,</em></strong></span> <span class='ocrx_word' id='word_1_171' title='bbox 328 2704 384 2770; x_wconf 80' lang='grc' dir='ltr'><strong><em>καὶ</em></strong></span> <span class='ocrx_word' id='word_1_172' title='bbox 398 2711 563 2790; x_wconf 77' lang='grc' dir='ltr'><strong><em>φυλακαῖς</em></strong></span> <span class='ocrx_word' id='word_1_173' title='bbox 585 2730 620 2772; x_wconf 86' lang='grc' dir='ltr'><strong><em>τε</em></strong></span> <span class='ocrx_word' id='word_1_174' title='bbox 634 2707 747 2791; x_wconf 87' lang='grc' dir='ltr'><strong><em>σέβειν</em></strong></span> <span class='ocrx_word' id='word_1_175' title='bbox 769 2709 908 2784; x_wconf 87' lang='grc' dir='ltr'><strong><em>θυσίαις</em></strong></span> <span class='ocrx_word' id='word_1_176' title='bbox 920 2729 956 2772; x_wconf 89' lang='grc' dir='ltr'><strong><em>τε</em></strong></span> <span class='ocrx_word' id='word_1_177' title='bbox 974 2718 1092 2791; x_wconf 80' lang='grc' dir='ltr'><strong><em>χοροῖς</em></strong></span> <span class='ocrx_word' id='word_1_178' title='bbox 1108 2733 1155 2776; x_wconf 91' lang='grc' dir='ltr'><strong><em>τε.</em></strong></span> 
     </span>
     <span class='ocr_line' id='line_1_25' title="bbox 180 2804 1155 2902; baseline 0.002 -24"><span class='ocrx_word' id='word_1_179' title='bbox 180 2808 242 2879; x_wconf 79' lang='grc' dir='ltr'><strong><em>ἔστ’</em></strong></span> <span class='ocrx_word' id='word_1_180' title='bbox 268 2804 312 2877; x_wconf 80' lang='grc' dir='ltr'><strong><em>ἂν</em></strong></span> <span class='ocrx_word' id='word_1_181' title='bbox 334 2806 399 2898; x_wconf 84' lang='grc' dir='ltr'><strong><em>γὰρ</em></strong></span> <span class='ocrx_word' id='word_1_182' title='bbox 412 2808 494 2877; x_wconf 90' lang='grc' dir='ltr'><strong><em>τάδε</em></strong></span> <span class='ocrx_word' id='word_1_183' title='bbox 512 2809 618 2897; x_wconf 82' lang='grc' dir='ltr'><strong><em>σεμνά</em></strong></span> <span class='ocrx_word' id='word_1_184' title='bbox 635 2808 712 2878; x_wconf 87' lang='grc' dir='ltr'><strong><em>καθ’</em></strong></span> <span class='ocrx_word' id='word_1_185' title='bbox 728 2807 892 2898; x_wconf 84' lang='grc' dir='ltr'><strong><em>ὑμετέρην</em></strong></span> <span class='ocrx_word' id='word_1_186' title='bbox 913 2809 1026 2897; x_wconf 83' lang='grc' dir='ltr'><strong><em>χθόνα</em></strong></span> <span class='ocrx_word' id='word_1_187' title='bbox 1043 2815 1155 2902; x_wconf 83' lang='grc' dir='ltr'><strong><em>μίμνη</em></strong></span> 
     </span>
     <span class='ocr_line' id='line_1_26' title="bbox 207 2965 1155 3058; baseline 0.004 -34"><span class='ocrx_word' id='word_1_188' title='bbox 207 2978 222 3025; x_wconf 93' lang='grc'>1</span> <span class='ocrx_word' id='word_1_189' title='bbox 248 2967 393 3040; x_wconf 84' lang='grc' dir='ltr'><strong><em>ίστορεῖΒ</em></strong></span> <span class='ocrx_word' id='word_1_190' title='bbox 422 2966 570 3058; x_wconf 76' lang='grc' dir='ltr'><strong><em>ἱστορίαν</em></strong></span> <span class='ocrx_word' id='word_1_191' title='bbox 564 2972 643 3025; x_wconf 85' lang='lat' dir='ltr'>R</span> <span class='ocrx_word' id='word_1_192' title='bbox 670 2967 739 3026; x_wconf 84' lang='grc' dir='ltr'><strong><em>3ὃν</em></strong></span> <span class='ocrx_word' id='word_1_193' title='bbox 757 2971 783 3025; x_wconf 86' lang='grc' dir='ltr'><strong>Δ</strong></span> <span class='ocrx_word' id='word_1_194' title='bbox 812 2965 859 3037; x_wconf 78' lang='grc' dir='ltr'>Ι</span> <span class='ocrx_word' id='word_1_195' title='bbox 846 2965 1000 3039; x_wconf 79' lang='grc' dir='ltr'><strong><em>αποιητὴς</em></strong></span> <span class='ocrx_word' id='word_1_196' title='bbox 1017 2970 1155 3029; x_wconf 75' lang='lat' dir='ltr'><strong>Welcker</strong></span> 
     </span>
     <span class='ocr_line' id='line_1_27' title="bbox 204 3042 1154 3200; baseline -0.003 -31.203"><span class='ocrx_word' id='word_1_197' title='bbox 204 3042 285 3112; x_wconf 61' lang='grc' dir='ltr'><strong><em>ν</em></strong></span> <span class='ocrx_word' id='word_1_198' title='bbox 304 3043 368 3112; x_wconf 67' lang='lat'><strong><em>11&gt;</em></strong></span> <span class='ocrx_word' id='word_1_199' title='bbox 388 3048 570 3168; x_wconf 71' lang='grc' dir='ltr'><strong><em>ιι,</em></strong></span> <span class='ocrx_word' id='word_1_200' title='bbox 865 3047 915 3167; x_wconf 78' lang='grc' dir='ltr'><strong><em>,ι</em></strong></span> <span class='ocrx_word' id='word_1_201' title='bbox 920 3043 1154 3200; x_wconf 55' lang='grc' dir='ltr'><strong><em>ουσαν</em></strong></span> 
     </span>
     <span class='ocr_line' id='line_1_28' title="bbox 135 3131 1154 3275; baseline 0.001 -34"><span class='ocrx_word' id='word_1_202' title='bbox 135 3132 375 3275; x_wconf 51' lang='grc' dir='ltr'><strong><em>νομενάάιβυπες</em></strong></span> <span class='ocrx_word' id='word_1_203' title='bbox 382 3191 416 3238; x_wconf 82' lang='grc'><strong><em>14</em></strong></span> <span class='ocrx_word' id='word_1_204' title='bbox 438 3185 524 3238; x_wconf 85' lang='grc' dir='ltr'><strong><em>πλείω</em></strong></span> <span class='ocrx_word' id='word_1_205' title='bbox 548 3184 571 3237; x_wconf 95' lang='grc' dir='ltr'><strong>Β</strong></span> <span class='ocrx_word' id='word_1_206' title='bbox 598 3131 759 3239; x_wconf 50' lang='grc' dir='ltr'><strong><em>πλεςίοναῆΒ.</em></strong></span> <span class='ocrx_word' id='word_1_207' title='bbox 841 3190 874 3239; x_wconf 78' lang='grc'><strong><em>17</em></strong></span> <span class='ocrx_word' id='word_1_208' title='bbox 897 3180 948 3246; x_wconf 81' lang='grc' dir='ltr'><strong><em>τὰς</em></strong></span> <span class='ocrx_word' id='word_1_209' title='bbox 971 3183 1028 3238; x_wconf 78' lang='grc' dir='ltr'><strong><em>τῶν</em></strong></span> <span class='ocrx_word' id='word_1_210' title='bbox 1046 3134 1154 3242; x_wconf 57' lang='grc' dir='ltr'><strong><em>Βιθίάὲε</em></strong></span> 
     </span>
    </p>
   </div>
   <div class='ocr_carea' id='block_1_3' title="bbox 133 3250 1152 3341">
    <p class='ocr_par' dir='ltr' id='par_1_3' title="bbox 133 3250 1152 3341">
     <span class='ocr_line' id='line_1_29' title="bbox 133 3250 1152 3341; baseline 0 -29"><span class='ocrx_word' id='word_1_211' title='bbox 133 3253 185 3320; x_wconf 81' lang='grc' dir='ltr'><strong><em>τάς</em></strong></span> <span class='ocrx_word' id='word_1_212' title='bbox 203 3258 225 3312; x_wconf 94' lang='grc' dir='ltr'><strong>Ο</strong></span> <span class='ocrx_word' id='word_1_213' title='bbox 300 3263 334 3311; x_wconf 90' lang='grc'><strong><em>18</em></strong></span> <span class='ocrx_word' id='word_1_214' title='bbox 356 3250 667 3324; x_wconf 84' lang='grc' dir='ltr'><strong><em>άνασκενασάμενονο</em></strong></span> <span class='ocrx_word' id='word_1_215' title='bbox 682 3255 826 3326; x_wconf 74' lang='lat' dir='ltr'>Sylburgl</span> <span class='ocrx_word' id='word_1_216' title='bbox 845 3250 971 3341; x_wconf 77' lang='grc' dir='ltr'><strong><em>ἄγεσθαι</em></strong></span> <span class='ocrx_word' id='word_1_217' title='bbox 988 3255 1041 3310; x_wconf 85' lang='grc' dir='ltr'><strong><em>ΑΒ</em></strong></span> <span class='ocrx_word' id='word_1_218' title='bbox 1058 3260 1063 3325; x_wconf 90' lang='grc' dir='ltr'>Ι</span> <span class='ocrx_word' id='word_1_219' title='bbox 1079 3252 1152 3327; x_wconf 83' lang='grc' dir='ltr'><strong><em>μεθ’</em></strong></span> 
     </span>
    </p>
   </div>
   <div class='ocr_carea' id='block_1_4' title="bbox 134 3322 1154 3541">
    <p class='ocr_par' dir='ltr' id='par_1_4' title="bbox 134 3322 1154 3541">
     <span class='ocr_line' id='line_1_30' title="bbox 134 3322 1154 3397; baseline -0.001 -14"><span class='ocrx_word' id='word_1_220' title='bbox 134 3324 268 3384; x_wconf 79' lang='grc' dir='ltr'><strong><em>αὑτοῦο.</em></strong></span> <span class='ocrx_word' id='word_1_221' title='bbox 287 3326 417 3383; x_wconf 71' lang='lat' dir='ltr'><strong>Hertlein</strong></span> <span class='ocrx_word' id='word_1_222' title='bbox 434 3326 551 3381; x_wconf 77' lang='lat' dir='ltr'>Hermes</span> <span class='ocrx_word' id='word_1_223' title='bbox 569 3326 640 3397; x_wconf 89' lang='lat' dir='ltr'><strong><em>Xp.</em></strong></span> <span class='ocrx_word' id='word_1_224' title='bbox 660 3332 738 3381; x_wconf 81' lang='lat'><strong><em>409</em></strong></span> <span class='ocrx_word' id='word_1_225' title='bbox 787 3333 820 3382; x_wconf 81' lang='lat'><strong><em>19</em></strong></span> <span class='ocrx_word' id='word_1_226' title='bbox 838 3322 889 3382; x_wconf 82' lang='grc' dir='ltr'><strong><em>τὸν</em></strong></span> <span class='ocrx_word' id='word_1_227' title='bbox 907 3327 972 3382; x_wconf 69' lang='lat' dir='ltr'><strong><em>add</em></strong></span> <span class='ocrx_word' id='word_1_228' title='bbox 987 3327 1035 3381; x_wconf 93' lang='lat' dir='ltr'><strong><em>Bb</em></strong></span> <span class='ocrx_word' id='word_1_229' title='bbox 1053 3343 1108 3382; x_wconf 90' lang='lat' dir='ltr'><strong><em>om.</em></strong></span> <span class='ocrx_word' id='word_1_230' title='bbox 1126 3328 1154 3383; x_wconf 87' lang='lat' dir='ltr'><strong>R</strong></span> 
     </span>
     <span class='ocr_line' id='line_1_31' title="bbox 135 3392 1154 3524; baseline 0 -70"><span class='ocrx_word' id='word_1_231' title='bbox 135 3406 168 3454; x_wconf 92' lang='grc'><strong><em>22</em></strong></span> <span class='ocrx_word' id='word_1_232' title='bbox 187 3401 351 3488; x_wconf 74' lang='grc' dir='ltr'><strong><em>κτίζῃσθα</em></strong></span> <span class='ocrx_word' id='word_1_233' title='bbox 349 3415 374 3453; x_wconf 85' lang='grc' dir='ltr'><strong><em>ο.</em></strong></span> <span class='ocrx_word' id='word_1_234' title='bbox 392 3396 554 3524; x_wconf 73' lang='grc' dir='ltr'><strong><em>Κίοεελίης,</em></strong></span> <span class='ocrx_word' id='word_1_235' title='bbox 566 3397 704 3453; x_wconf 79' lang='lat' dir='ltr'><strong>Bucheler</strong></span> <span class='ocrx_word' id='word_1_236' title='bbox 721 3400 807 3465; x_wconf 78' lang='grc' dir='ltr'><strong><em>κτίζει</em></strong></span> <span class='ocrx_word' id='word_1_237' title='bbox 826 3397 879 3452; x_wconf 83' lang='grc' dir='ltr'><strong><em>ΑΒ</em></strong></span> <span class='ocrx_word' id='word_1_238' title='bbox 969 3403 1004 3453; x_wconf 79' lang='grc'><strong><em>24</em></strong></span> <span class='ocrx_word' id='word_1_239' title='bbox 1029 3392 1133 3454; x_wconf 78' lang='grc' dir='ltr'><strong><em>ἔστ’</em></strong></span> <span class='ocrx_word' id='word_1_240' title='bbox 1112 3419 1154 3454; x_wconf 85' lang='grc' dir='ltr'><strong><em>αν</em></strong></span> 
     </span>
     <span class='ocr_line' id='line_1_32' title="bbox 134 3462 1034 3541; baseline -0.001 -15"><span class='ocrx_word' id='word_1_241' title='bbox 134 3471 237 3527; x_wconf 78' lang='lat' dir='ltr'><strong>Reiske</strong></span> <span class='ocrx_word' id='word_1_242' title='bbox 256 3490 306 3526; x_wconf 85' lang='grc' dir='ltr'><strong><em>ευτ</em></strong></span> <span class='ocrx_word' id='word_1_243' title='bbox 303 3462 412 3525; x_wconf 79' lang='grc' dir='ltr'><strong><em>’άνΟ</em></strong></span> <span class='ocrx_word' id='word_1_244' title='bbox 438 3464 482 3539; x_wconf 89' lang='grc' dir='ltr'>Ι</span> <span class='ocrx_word' id='word_1_245' title='bbox 467 3467 554 3540; x_wconf 86' lang='grc' dir='ltr'><strong><em>νμετέ</em></strong></span> <span class='ocrx_word' id='word_1_246' title='bbox 556 3488 609 3540; x_wconf 86' lang='grc' dir='ltr'><strong><em>ραν</em></strong></span> <span class='ocrx_word' id='word_1_247' title='bbox 628 3468 651 3524; x_wconf 93' lang='grc'>0</span> <span class='ocrx_word' id='word_1_248' title='bbox 670 3486 739 3525; x_wconf 78' lang='lat' dir='ltr'>corr.</span> <span class='ocrx_word' id='word_1_249' title='bbox 758 3468 848 3528; x_wconf 77' lang='lat' dir='ltr'>cobet</span> <span class='ocrx_word' id='word_1_250' title='bbox 866 3469 932 3526; x_wconf 75' lang='lat' dir='ltr'>obs.</span> <span class='ocrx_word' id='word_1_251' title='bbox 950 3487 979 3541; x_wconf 87' lang='lat' dir='ltr'><strong><em>p.</em></strong></span> <span class='ocrx_word' id='word_1_252' title='bbox 997 3474 1034 3525; x_wconf 79' lang='lat'><strong><em>34</em></strong></span> 
     </span>
    </p>
   </div>
   <div class='ocr_carea' id='block_1_5' title="bbox 0 0 1232 3916">
    <p class='ocr_par' dir='ltr' id='par_1_5' title="bbox 0 0 1232 3916">
     <span class='ocr_line' id='line_1_33' title="bbox 0 0 1232 3916; baseline 0 1"><span class='ocrx_word' id='word_1_253' title='bbox 0 0 1232 3916; x_wconf 95' lang='lat' dir='ltr'><strong><em> </em></strong></span> 
     </span>
    </p>
   </div>
  </div>
 </body>
</html>
