2454 3916
477 231 642 282 ..Γ-

52 393 221 477 δοκοῦμεν
243 385 385 477 ἀμεινον
408 383 503 476 ῦμοῖν
526 387 699 478 πράττειν)
721 387 908 457 παύσαιντο
933 388 971 456 δὲ
988 386 1067 457 Ῥω-

52 511 148 586 μαῖοι
172 494 217 566 δι’
238 494 385 579 ὑποψίας
407 501 539 583 ἔχοντες
558 493 742 582 Ἀλβανοῦς
764 492 810 576 ὡς
833 495 1068 582 ἐπιβουλεύον-

51 632 112 686 τας
145 602 201 672 ἀεί
230 623 327 691 σφισι
357 603 413 671 καὶ
445 600 692 690 φυλαττόμενοι
723 602 878 689 καθάπερ
910 602 1068 689 ἐχθρούς·

53 709 96 781 οῦ
118 709 185 797 γδιρ
209 706 252 778 ἀν
274 711 408 796 γένοιτο
426 714 570 797 βεβαίως
588 714 686 797 φίλος
708 713 753 803 τῷ
773 713 930 797 μισοῦντι
949 707 1068 790 οὐδείς.

53 821 124 898 ποῦς
153 809 216 886 οῦν
244 816 420 904 γενήσεται
446 816 576 885 τούτων
605 815 778 903 ἕκάτερον;
807 814 869 884 οῦκ
900 814 960 886 έδιν
988 815 1096 908 γραῦ,

53 939 172 1012 ψωμεν
201 920 286 992 αῦτδι
312 924 350 992 έν
382 936 454 1004 ταῖς
482 920 677 1011 ὁμολογίαις
704 919 779 992 οὐδ’
805 921 865 991 έδιν
893 922 1069 1011 ὀμόσωμεν

54 1029 242 1119 ἀμφότεροι
263 1032 343 1098 καθ’
370 1033 485 1118 ίερῦν,
513 1029 643 1118 (μικραὶ
669 1028 735 1117 γὰρ
763 1020 865 1097 αὗταί
887 1057 926 1116 γε
949 1033 989 1110 αί,
1007 1055 1070 1116 φυ-

54 1138 154 1205 λακαὶ
177 1139 233 1205 καὶ
256 1133 427 1222 ἀσθενεῖς)
450 1131 523 1202 ἀλλ’
550 1134 610 1203 έδιν
636 1132 754 1215 κοινδις
781 1134 987 1223 ἡγησώμεθα
1013 1133 1073 1215 τάς

55 1242 214 1330 ἀλλήλων
240 1242 350 1330 τύχας.
400 1245 438 1310 ἓν
464 1241 530 1327 γάρ
562 1242 632 1310 ἐστι
663 1241 786 1329 μόνον,
819 1235 846 1311 ὦ
876 1243 1071 1329 Φουφέττιε,

55 1350 164 1437 λύπης
186 1351 406 1437 ἀνθρωπίνης
428 1347 478 1418 ἐπ’
504 1345 693 1438 ἀλλοτρίοις
719 1347 864 1436 ἀγαθοῖς
891 1350 1072 1435 γινομένης
1085 1373 1112 1413 10

57 1456 154 1542 ἄκος,
180 1454 218 1524 τὸ
247 1459 366 1543 μηκέτι
393 1454 473 1536 τοῦς
504 1458 723 1542 φθονοῦντας
749 1448 909 1543 ἀλλότρια
934 1453 976 1522 τδι
1002 1458 1072 1524 τῶν

58 1565 312 1652 φθονουμένων
340 1560 454 1650 ἀγαθὰ
481 1559 647 1649 ἡγεῖσθαι.
698 1565 755 1629 ἵνα
784 1559 827 1649 δὴ
853 1565 952 1630 τοῦτο
975 1560 1112 1648 γένη-6

58 1697 124 1757 ται,
142 1668 327 1758 Ῥωμαίους
345 1668 407 1757 μέν
430 1665 523 1756 οἶμαι
542 1672 615 1736 δεῖν
639 1671 687 1748 είς
704 1666 742 1737 τὸ
761 1665 879 1737 κοινὸν
900 1666 1074 1754 Ἀλβανοίς

58 1786 175 1846 θεῖναι
201 1775 311 1845 πάντα
339 1774 403 1844 ὅσα
428 1802 464 1845 τε
491 1778 556 1844 νῦν
585 1780 699 1863 ἔχουσι
725 1775 782 1842 καὶ
809 1768 912 1856 αῦθις
939 1776 1074 1858 ἕξουσιν

60 1883 186 1970 ἀγαθά,
205 1879 389 1969 ’Ἀλβανοὺς
412 1881 450 1949 δέ
471 1881 648 1968 ἀγαπητῶς
670 1879 710 1950 τὰ
730 1881 892 1968 διδόμενα
915 1885 1075 1970 δέχεσθαι
1089 1897 1115 1940 1⁵

10 1990 122 2059 issouai
153 1990 314 2076 γενέσθαι
346 1987 488 2076 μάλιστα
519 1987 625 2075 <μδν>
658 1986 807 2069 ἅπαντας
842 1987 943 2077 ῦμῦς,
975 1994 1007 2058 εί
1038 1989 1075 2058 δὲ

14 2090 28 2113 ”
62 2097 107 2186 μη
139 2123 178 2184 γε
209 2095 288 2177 τοῦς
324 2101 502 2176 πλείστους
536 2120 572 2162 τε
606 2096 664 2163 καί
699 2094 857 2184 ἀρίστους
891 2095 988 2183 ὑμῶν
1017 2100 1077 2184 τῆς

56 2201 231 2291 Ῥωμαίων
254 2202 382 2283 πόλεως
401 2201 585 2291 οἰκήτορας.
627 2200 669 2271 οὐ
686 2200 750 2290 γδιρ
770 2201 812 2290 δὴ
831 2208 997 2290 Σαβίνοις
1014 2202 1076 2289 μέν

61 2310 119 2379 καί
154 2317 342 2399 Τυρρηνοῖς
373 2311 483 2388 καλῶς
519 2307 608 2396 εἶχεν
645 2310 816 2376 ἐκλιποῦσι
851 2307 912 2389 τὰς
947 2310 1076 2377 ἑαυτῶν

62 2417 177 2497 πόλεις
199 2418 408 2504 μεταθέσθαι
430 2414 508 2496 τοῦς
534 2420 632 2501 βίους
655 2410 822 2503 ὦς’ἡμῦις,
844 2412 926 2503 ῦμῑν
951 2415 989 2483 δὲ
1010 2414 1077 2501 ἀρα
1091 2440 1118 2481 εο

62 2537 134 2603 τοϊς
167 2522 442 2610 συγγενεστάτοις
473 2520 510 2590 τὸ
548 2519 629 2590 αῦτδ
665 2526 765 2590 τοῦτο
797 2521 983 2610 γενόμενον
1016 2508 1077 2609 οῦχ

64 2633 130 2712 ἕξει
153 2634 277 2710 καλῦς;
302 2634 333 2697 εί
355 2626 386 2696 δ’
410 2626 471 2697 οῦκ
494 2626 649 2709 ἀξιώσετε
669 2633 749 2715 μίαν
773 2633 878 2697 οίκεῖν
896 2627 997 2696 πόλιν
1015 2626 1116 2716 τηνλ

63 2734 230 2825 ἡμετέραν
253 2734 401 2824 μεγάλην
425 2761 460 2803 τε
484 2727 590 2803 οὖσαν
613 2733 679 2822 ἤδη
703 2735 759 2802 καὶ
782 2738 830 2802 ἔτι
853 2738 982 2822 μᾶλλον
1006 2736 1079 2803 έσο-

64 2845 189 2931 μένην,
219 2840 302 2910 ἀλλὰ
330 2840 578 2929 φιλοχωρήσετε
607 2853 679 2921 τοῖς
709 2839 877 2933 πατρῴοις
904 2841 1107 2928 ἐφεστίοις,

65 2948 175 3018 ἐκεῖνό
199 2950 240 3035 γέ
259 2974 312 3017 τοι
334 2947 507 3034 ποιήσατε·
538 2946 783 3036 βουλευτήριον
810 2950 848 3015 ἓν
874 2944 1079 3034 ἀποδείξατε,
1094 2973 1120 3016 τι
1210 3012 1212 3017 ,

66 3052 85 3125 δ
114 3053 155 3124 τὰ
183 3056 401 3144 συμφέροντα
432 3052 516 3140 ὑπὲρ
549 3056 704 3142 ἑκατέρας
734 3054 911 3141 βουλεύσει
942 3055 1080 3142 πόλεως,

139 3293 157 3341 4
176 3287 297 3359 βεβαίως
315 3286 338 3340 Β
357 3283 472 3358 βέβαιος
485 3286 511 3339 R
526 3286 531 3354 Ι
546 3280 713 3340 ἀπιστοῦντι
731 3301 755 3340 c.
769 3285 907 3341 Biioheler
960 3291 976 3340 9
991 3281 1080 3356 μόνον

67 3360 168 3415 om.A
250 3363 282 3410 11
302 3352 338 3411 τὰ
357 3359 455 3414 om.A
538 3361 570 3412 13
589 3354 683 3427 μὲυΒ
707 3358 805 3412 om.R
887 3363 920 3411 16
939 3354 992 3426 μὲν
1015 3355 1081 3413 αδδ.

65 3429 207 3496 Meineke,
225 3427 314 3483 Cobet
332 3426 397 3483 Obs.
416 3445 444 3498 p.
464 3434 498 3482 60
571 3433 605 3484 22
625 3427 736 3500 signum
758 3426 987 3499 interrogationis
1007 3425 1079 3481 Smit

68 3501 134 3558 obs.
152 3519 180 3570 p.
200 3506 216 3554 9
234 3499 329 3569 posuit
400 3506 436 3554 24
456 3496 487 3554 έν
505 3504 565 3562 τοῖς
582 3519 611 3556 ιτ.
631 3516 654 3554 ο.
674 3498 831 3568 Stephanus
