2454 3916
569 232 735 282 ..A-

145 388 328 477 ἀσφαλείας
350 416 385 459 τε
408 391 463 458 καὶ
486 393 554 458 τῶν
577 388 663 478 πρὸς
688 388 768 470 τοὺς
790 389 905 471 θεοὺς·
918 388 1023 460 ὁσίων
1048 393 1174 483 ἕνεκα)

146 493 256 565 ωἰιιίτι
278 496 418 587 προσῄει
440 512 511 578 τοῖς
534 500 648 585 ίεροίς,
676 495 761 565 ἀλλά
784 495 842 566 διὰ
863 501 932 567 τῶν
956 497 1070 567 ἀλλων
1095 502 1166 587 ἐγί-

144 628 222 671 νετο
249 606 449 692 παρθένων,
477 598 531 683 αἷς
557 601 595 672 τὸ
624 600 706 671 αὐτὸ
733 606 926 691 προσέκειτο
955 609 1073 693 ἔργον,
1097 604 1164 675 ὅσα

144 718 352 800 λειτουργεῖν
375 714 508 797 ἐκείνην
533 713 611 778 ἔδει.

105 852 118 893 ⁶
235 837 414 903 LXXVIII.
443 833 596 923 Ἀμόλιος
620 833 657 901 δὲ
681 843 745 902 εἴτε
767 832 850 903 κατὰ
876 834 937 922 τὴν
960 839 1156 923 συνείδησιν

143 944 211 1009 τῶν
243 943 465 1027 πραχθέντων
498 950 563 1008 είτε
594 938 739 1030 ὑπονοίᾳ
775 944 843 1009 τῶν
880 941 1020 1010 είκότων
1056 966 1155 1031 προα-

144 1047 238 1132 χθελς
266 1051 408 1132 ἔρευναν
437 1049 579 1115 ἐποιεῖτο
607 1051 667 1133 τῆς
693 1054 835 1134 χρονίου
863 1051 932 1116 τῶν
955 1051 1058 1135 ίερῶν
1082 1047 1155 1118 ἀπο

143 1151 300 1237 στάσεως,
323 1151 405 1221 κατὰ
427 1159 504 1221 τίνα
524 1158 652 1239 γίνεται
676 1151 807 1240 μάλιστ’
829 1158 940 1222 αίτίαν
964 1154 1103 1244 ίατροός
1123 1183 1156 1226 τε

144 1254 195 1339 οἷς
209 1257 350 1346 μάλιστα
365 1263 536 1328 ἐπίστευεν
551 1261 741 1348 εἰσπέμπων
755 1261 822 1346 καὶ,
837 1260 950 1348 ἐπειδὴ
969 1261 1032 1349 τὴν
1051 1262 1156 1332 νόσον

103 1384 129 1424 1⁰
143 1370 182 1434 αί
200 1381 357 1453 γυναῖκες
380 1365 571 1455 ἀπόρρητον
589 1365 786 1454 ἀνθρώποις
807 1366 951 1457 ᾐτιῶντο
974 1366 1074 1455 εἶναι,
1095 1369 1156 1457 τὴν

102 1456 122 1521 2
143 1473 264 1542 ἑαυτοῦ
287 1488 432 1561 γυναῖκα
455 1473 589 1562 φύλοπιν
611 1477 670 1560 τῆς
688 1473 791 1562 κόρης
812 1474 1013 1543 καταλιπόν.
1051 1474 1098 1556 ὡς
1120 1475 1158 1545 δὲ

141 1578 325 1668 κατήγορος
356 1579 440 1667 αὕτη
472 1584 533 1649 τοῦ
561 1579 696 1659 πάθους
724 1582 855 1666 ἐγένετο
882 1586 1059 1671 γυναικείᾳ
1089 1608 1157 1651 τεκ·

142 1687 261 1773 μάρσει
292 1685 331 1755 τὸ
364 1685 492 1774 ἀφανὲς
517 1701 588 1766 τοῖς
619 1684 734 1765 ἀλλοις
766 1684 973 1774 ἀνευροῦσα,
1004 1692 1064 1774 τῆς
1095 1687 1158 1776 μὲν

140 1792 276 1878 παιδός,
305 1790 350 1873 ὥς
378 1794 422 1880 μη
452 1791 542 1880 λάθη
570 1795 714 1860 τεκοῦσα
742 1784 799 1880 (ἦν
827 1792 865 1860 δὲ
893 1789 934 1860 οό
957 1796 1074 1880 πρόσω
1096 1799 1156 1865 τοῦ

101 1923 129 1966 ιο
142 1899 259 1988 τόκου)
288 1896 443 1986 φυλακὴν
471 1901 614 1968 ἐποιεῖτο
644 1896 689 1965 δι’
716 1897 842 1967 ὅπλων·
875 1896 976 1979 αὐτὸς
1004 1899 1042 1968 δὲ
1064 1902 1155 1970 καλέ-

141 2024 203 2086 σας
224 2005 285 2074 τὸν
309 2003 458 2092 ἀδελφὸν
482 2010 529 2084 είς
551 2008 589 2073 τό
618 2005 799 2092 συνέδριον
822 2009 881 2092 τῆς
902 2032 938 2073 τε
961 2008 1187 2077 λανθανυάἱθ

142 2132 202 2199 σης
223 2110 302 2192 τοὺς
324 2109 449 2191 ἀλλους
472 2115 607 2198 φθορᾶς
630 2110 779 2199 μηνυτὴς
807 2118 934 2197 γίνεται
961 2113 1018 2180 καὶ
1040 2110 1156 2202 ᾐτιᾶτο

141 2233 408 2306 συγκακουργεῖν
439 2221 479 2307 τῇ
511 2217 595 2307 κόρη
628 2217 707 2298 τοὺς
738 2232 850 2305 γονεῖς
883 2220 1015 2289 ἐκέλευέ
1042 2246 1079 2289 τε
1111 2220 1155 2310 μὴ

100 2315 121 2380 3
139 2325 298 2414 κρύπτειν
322 2323 382 2394 τὸν
401 2326 635 2413 εἰργασμένον,
659 2322 732 2394 ἀλλ’
755 2330 802 2406 είς
819 2327 923 2412 μέσον
942 2324 1049 2412 ἀγειυ.
1089 2336 1155 2397 Ns·

100 2449 126 2488 ²0
140 2435 248 2520 μέτωρ
273 2432 311 2502 δὲ
333 2432 533 2519 παραδόξων
556 2457 591 2499 τε
614 2430 726 2517 λόγων
745 2429 883 2500 ἀκούειν
907 2436 971 2519 ἔφη
994 2432 1051 2500 καὶ
1073 2458 1155 2503 παν-

139 2537 195 2620 τὸς
218 2538 369 2619 ἀναίτιος
387 2537 476 2606 εἶναι
494 2541 555 2606 τοῦ
575 2538 760 2624 λεγομένου
778 2536 905 2625 χρόνον
923 2563 958 2606 τε
980 2536 1079 2625 ἠξίου
1096 2546 1154 2627 βα-

140 2646 248 2713 σάνου
266 2650 325 2732 τῆς
342 2644 503 2731 ἀληθείας
527 2647 623 2712 ἕνεκα
641 2649 774 2730 λαβεῖν·
796 2641 908 2731 τυχόν
928 2643 967 2712 δὲ
984 2641 1154 2736 ἀναβολῆς

139 2750 250 2840 μόλις,
275 2748 387 2836 ἐπειδὴ
415 2751 453 2819 τὸ
481 2754 616 2840 πρᾶγμα
644 2748 734 2835 παρά
756 2754 815 2837 τῆς
842 2749 1004 2837 γυναικὸς
1026 2757 1153 2841 ἔμαθεν

140 2855 185 2938 ὡς
207 2858 228 2944 ἡ
251 2871 328 2936 παῖς
352 2859 389 2924 ἐν
412 2857 529 2944 ἀρχαῖς
550 2855 759 2943 ἀφηγήσατο,
782 2856 843 2925 τόν
865 2883 901 2925 τε
923 2857 1071 2946 βιασμὸν
1093 2859 1153 2929 τὸν

99 2977 126 3018 2⁵
139 2962 204 3034 ὑπὸ
227 2967 289 3032 τοῦ
307 2967 392 3032 θεοῦ
415 2963 601 3051 γενόμενον
620 2962 784 3051 ἀπέφαινε
802 2962 955 3044 καὶτοὺς
973 2966 1154 3052 λεχθέντας

211 3144 314 3198 8τεΒ
341 3141 373 3198 δὲ
392 3143 418 3197 R
500 3148 533 3197 10
552 3137 689 3210 ἀνδράσιν
715 3159 738 3196 ο.
758 3142 866 3212 Kayser
888 3143 960 3197 Ann.
984 3141 1054 3213 phil.
1083 3150 1149 3200 1861

137 3221 202 3286 p.6
280 3221 312 3268 11
337 3207 499 3271 καταλιπόν
522 3212 664 3282 Kiessling
695 3214 846 3268 κατέλιπεν
870 3213 893 3268 0
926 3217 1106 3269 καταλείπων
1128 3232 1150 3270 ο.

137 3288 246 3355 Kayser
263 3287 281 3343 l.
300 3287 318 3342 I.
412 3292 444 3339 12
468 3280 541 3372 αὕτη
565 3284 612 3338 Bb
645 3278 718 3352 αάτὴ
747 3285 823 3338 ΑΒω
915 3290 947 3340 13
970 3280 1150 3355 τεκμάρσῐΒ

176 3363 209 3412 14
226 3353 321 3426 πόρρω
345 3358 367 3411 Β
455 3362 487 3410 19
510 3375 560 3409 τον
584 3354 768 3426 εἰργασμένον
793 3356 950 3423 ΒΒοὶοΙω,
977 3353 1010 3410 τὸ
1034 3354 1102 3426 είργ.
1125 3358 1150 3411 R

138 3435 172 3482 22
192 3424 228 3497 δὴ
248 3429 323 3484 ΑΒο
394 3433 428 3481 23
448 3422 576 3496 μόνηςΒ
653 3432 688 3480 24
710 3422 879 3496 ἀφηγήσατο
901 3422 934 3482 τό
958 3426 1076 3498 πρᾶγμα
1098 3428 1154 3483 AB

174 3504 207 3553 25
227 3494 327 3554 ἀπόΒ
