2454 3916
508 220 673 273 -Α-
1056 219 1096 284 11

80 380 246 448 ἀπέκλινα
273 377 336 466 τῆν
363 382 607 467 πραγματείαν,
640 376 725 446 ἀλλὰ
759 383 818 465 τῆς
848 377 1011 466 ἀληθείας
1042 381 1098 447 καλ

79 490 145 556 τοῦ
169 489 303 579 δικαίου
325 483 588 573 προνοούμενος,
612 476 661 553 ών
680 488 732 554 δεῖ
750 485 966 572 στοχάζεσθαι
985 497 1098 554 πᾶσαν

83 576 410 682 λστορίανλ,”πρῦτον
434 592 495 678 μέν
519 593 749 673 ἐπιδείξασθαι
771 589 833 677 τῆν
857 594 1003 678 ἐμαυτοῦ
1027 593 1098 661 διά·

81 726 195 785 νοιαν,
214 696 267 766 ότι
283 697 408 786 χρηστῆ
423 697 507 784 πρὸς
520 697 670 778 ἅπαντας
685 695 917 786 [ἀνθρώπους]
933 699 1002 766 ἐστὶ
1020 698 1099 779 τοῦς

81 804 238 893 ἀγαθοὺς
255 805 312 872 καὶ
330 803 563 892 φιλοθεώρους
580 808 648 873 τών
665 800 784 873 καλῦν
804 810 913 893 ἔργων
930 806 987 873 καλ
1001 806 1124 893 μεγάι

80 922 166 983 λων·
200 917 310 979 ἔπειτα
337 917 572 1000 χαριστηρίους
600 909 758 999 ἀμοιβάς,
786 908 827 992 δὶς
854 913 927 998 ἐμοὶ
956 911 1099 1000 δύναμις

21 1036 61 1086 20
81 1012 144 1108 ῆν,
168 1015 356 1086 ἀποδοῦναι
382 1022 423 1106 τῆ
445 1017 556 1103 πόλει,
589 1022 741 1098 παιδείας
763 1045 798 1087 τε
821 1009 1026 1110 μεμνημένφ
1042 1021 1098 1087 καλ

80 1130 152 1196 τών
176 1122 289 1192 ἄλλων
306 1121 449 1212 ἀγαθῶν
463 1123 554 1194 ὅσων
574 1123 746 1195 ἀπέλαυσα
760 1129 937 1213 διατρίψας
951 1128 988 1194 ἐν
1003 1125 1098 1215 αῦτῆ.

172 1233 248 1299 VII.
276 1229 511 1310 Ἀποδεδωκώς
534 1230 571 1299 δέ
598 1230 659 1300 τὸν
687 1229 772 1319 ῦπλρ
794 1236 853 1319 τῆς
874 1234 1099 1321 προαιρέσεως

79 1338 188 1426 λόγον
211 1342 258 1405 ἔτι
280 1338 445 1424 βούλομαι
467 1337 523 1405 καλ
541 1338 617 1426 περὶ
634 1341 703 1405 τών
726 1334 890 1425 ἀφορμῶν
910 1343 1026 1425 εἰπεῖν,
1045 1334 1098 1420 αἷς
1112 1365 1138 1405 10

81 1443 277 1534 ἐχρησάμην
299 1441 347 1511 ὅτ’
369 1448 508 1530 ἔμελλον
527 1445 704 1531 ἐπιχειρεῖν
723 1448 763 1533 τῆ
782 1448 909 1533 γραφῆ·
934 1453 1014 1525 ίσως
1032 1444 1096 1532 γδιρ

81 1556 119 1621 οί
139 1549 432 1635 προανεγνωκότες
448 1547 654 1637 Ἱερώνυμον
673 1547 694 1637 ῆ
718 1557 861 1638 Τίμαιον
884 1547 905 1638 ῆ
922 1550 1097 1638 Πολύβιον

80 1654 104 1746 ῆ
127 1662 196 1726 τών
219 1654 331 1725 ἀλλων
353 1655 430 1724 τινὰ
453 1658 686 1745 συγγραφέων,
709 1655 793 1745 ὑπὲρ
818 1647 867 1726 τόν
890 1658 1098 1746 ἐποιησάμην

80 1764 187 1851 λόγον
211 1760 312 1854 όλίγφ
334 1765 496 1852 πρότερον
518 1760 563 1844 ῦς
582 1764 847 1849 ἐπισεσυρκότων
869 1764 931 1852 τῆν
949 1765 1095 1853 γραφήν,

80 1869 188 1940 πολλδι
210 1874 278 1937 τών
301 1867 358 1938 ὑπ’
384 1871 467 1957 ἐμοῦ
489 1870 713 1958 γραφομένων
739 1869 801 1957 οὐχ
824 1869 1003 1957 εὑρηκότες
1020 1869 1094 1961 παρ’
1112 1899 1137 1939 15

80 1980 224 2056 ἐκείνοις
268 1982 403 2063 κείμενα
449 1976 633 2064 σχεδιάζειν
678 1976 914 2064 υπολήψονταί
956 2005 996 2064 με
1041 1979 1097 2046 καὶ

81 2084 192 2154 πόθεν
217 2079 238 2169 ῆ
261 2082 391 2152 τούτων
410 2087 534 2170 γνώσις
551 2087 599 2163 είς
616 2083 673 2170 ἐμέ
692 2085 921 2169 παραγέγονεν
939 2081 1097 2166 άξιώσου·

82 2213 116 2260 σι
146 2198 282 2279 μαθεῖν.
332 2192 388 2257 ἵνα
416 2188 458 2276 δῆ
487 2188 531 2276 μῆ
567 2189 704 2276 τοιαύτη
738 2188 820 2271 δόξα
847 2195 1000 2280 παραστῇ
1029 2211 1098 2259 τισι

80 2299 157 2387 περὶ
185 2299 286 2384 ἐμοῦ,
313 2297 447 2382 βέλτιον
474 2292 532 2381 ἀφ’
560 2286 608 2364 ὧν
637 2293 804 2384 ὡρμήθην
831 2297 944 2381 λόγων
975 2323 1010 2365 τε
1042 2298 1097 2365 καλ

79 2403 392 2491 ὑπομνηματισμῶν
432 2416 612 2486 προειπεῖν.
676 2401 740 2488 ἐγώ
781 2402 1010 2482 καταπλεύσας
1050 2407 1098 2483 είς

78 2510 225 2581 Ἰταλίαν
248 2507 316 2596 ἅμα
337 2512 383 2602 τῷ
406 2513 638 2596 καταλυθῆναι
666 2509 728 2578 τὸν
756 2507 921 2595 ἐμφύλιον
948 2507 1097 2595 πόλεμον

28 2637 62 2687 21
80 2615 147 2687 ῦπδ
175 2619 240 2684 τοῦ
266 2620 443 2701 Σεβαστοῦ
473 2621 644 2702 Καίσαρος
675 2613 820 2702 ἑβδόμης
849 2615 905 2682 καὶ
937 2612 1097 2703 ὀγδοηκο-

82 2728 161 2811 στῆς
183 2721 241 2790 καλ
264 2721 440 2808 ἑκατοστῆς
463 2719 672 2809 ὀλυμπιάδος
694 2723 874 2808 μεσούσης,
898 2722 954 2790 καλ
977 2720 1039 2791 τόν
1063 2724 1096 2804 ἐξ

82 2832 215 2898 ἐκείνου
238 2826 365 2915 χρόνον
393 2829 477 2895 ἐτῶν
504 2826 567 2896 δύο
595 2827 650 2896 καλ
678 2838 783 2897 εῖκοσι
811 2831 907 2916 μέχρι
930 2832 992 2898 τοῦ
1014 2853 1097 2915 παρ-

82 2938 179 3015 όντος
201 2932 386 3021 γενόμενον
404 2935 441 3001 έν
455 2930 563 3022 Ῥώμη
583 2937 769 3021 διατρίψας,
789 2933 963 3003 διάλεκτόν
981 2960 1016 3003 τε
1034 2933 1096 3022 τῆν
1110 2953 1136 2995 2⁵

79 3038 265 3130 Ῥωμαῖκῆν
289 3037 446 3127 ἐκμαθών
468 3039 524 3107 καί
547 3040 752 3128 γραμμάτων
778 3043 887 3127 (τῶν)
911 3043 1097 3129 ἐπιχωρίων

1116 2368 1137 2433 2

1111 2467 1137 2506 20

154 3207 170 3257 3
191 3196 403 3266 ἀποδείξασθαι
422 3216 444 3255 ο.
460 3197 570 3254 Ritsehl
619 3205 636 3253 4
650 3195 823 3269 ἀνθρώπους
837 3216 890 3256 om.
904 3200 927 3254 B
987 3206 1002 3254 ὅ
1018 3204 1097 3267 φιλο-

84 3273 193 3340 θέωρος
210 3271 244 3339 Α,
264 3271 367 3325 Reiske
449 3276 464 3325 6
484 3265 529 3341 ἃς]
550 3266 587 3332 ῦς
605 3272 651 3326 vel
670 3266 723 3339 ὅση
743 3270 864 3358 δγλοοτς
941 3277 956 3325 ’λ
976 3268 1098 3338 δύναμις

86 3338 296 3397 ἀνταποδοῦναι
315 3341 459 3398 0.Ritsch1
475 3344 479 3411 Ι
495 3362 524 3397 τε
540 3340 627 3395 om.B
682 3349 698 3397 8
714 3337 864 3410 ἀπηλαυσα
874 3341 920 3395 Bb
976 3345 1010 3393 14
1027 3335 1097 3395 δπο-

87 3409 262 3481 σεσυρκότων
280 3415 305 3468 Α
322 3413 326 3481 Ι
342 3413 388 3480 τῆι
406 3414 515 3502 γραφῆι
534 3414 580 3467 Ba
635 3417 668 3466 18
687 3407 722 3480 δῆ
742 3429 796 3468 om.
815 3414 837 3467 Β
892 3416 927 3464 20
946 3409 1095 3490 είπεῖνΙΒλ

88 3483 127 3546 εἰς
144 3486 233 3540 om.A
287 3489 323 3539 23
337 3484 386 3537 καλ
405 3485 469 3538 ante
489 3483 641 3552 εκατοττῆς
655 3484 743 3538 om.B
797 3489 831 3538 26
846 3482 902 3536 τῶν
916 3480 979 3534 add.
995 3481 1097 3535 Relske
