2454 3916
539 230 704 282 -A-
1087 227 1128 292 75

112 415 172 468 τας
192 384 338 474 Ἀχαιοῖς
359 386 399 456 τά
420 387 580 476 φρούρια·
601 386 752 476 Ἀχαιοὺς
766 388 803 456 δὲ
817 402 1000 476 παρασχεῖν
1014 385 1129 469 αὐτοῖς

113 494 176 582 τὴν
198 492 389 582 άσφάλειαυ
412 497 445 576 ἐξ
469 492 598 582 άπάσης
617 493 698 583 ὅσης
717 494 879 584 ἐκράτουν
902 498 964 581 γῆς
986 496 1041 562 καὶ
1064 504 1128 563 θα-

114 602 236 688 λάττης
267 601 405 670 άπιοῦσι
437 599 519 669 κατὰ
550 600 609 681 τὰς
646 599 833 688 ὁμολογίας.
880 599 1061 686 δεξάμενος
1091 602 1169 675 δὲῦ

108 713 218 777 ταῦτα
241 712 379 788 Αἰνείας
400 707 455 775 καὶ
478 713 620 794 νομίσας
642 709 678 776 ἐκ
704 713 773 776 τεόν
797 707 945 777 ἐνόντων
968 707 1127 792 κράτιστα

111 813 202 883 εἶναι
231 812 407 881 Ἀσκάνιον
440 813 501 900 μὲν
532 812 593 882 τὸν
629 814 859 902 πρεσβύτατον
890 816 959 881 τόν
996 818 1154 890 παίδωντ

113 929 235 1010 ἔχοντα
255 925 317 990 τοῦ
346 926 555 1009 συμμαχικοῦ
582 948 659 990 τινα
682 936 820 1010 μοῖραν,
842 911 883 1008 ἧς
909 920 1060 1009 Φρύγιον
1083 913 1127 1009 ἦν

107 1027 148 1098 τὸ
172 1035 340 1113 πλεῖστον,
363 1033 411 1106 είς
431 1025 493 1114 τὴν
509 1036 716 1096 Δασκυλῖτιν
738 1031 951 1116 καλουμένην
974 1032 1050 1115 γῆν,
1075 1033 1127 1096 έν-

110 1147 160 1205 θα
194 1135 285 1203 ἐστὶν
316 1132 337 1223 ἡ
367 1133 524 1203 Ἀσκανία
555 1140 671 1223 λίμνη,
704 1135 933 1223 μετάπεμπτον
964 1132 1029 1204 ὑπὸ
1058 1139 1127 1204 τεόν

110 1247 285 1331 ἐγχωρίων
317 1241 503 1328 γενόμενον
535 1243 588 1309 ἐπὶ
614 1248 768 1334 βασιλείᾳ
799 1248 860 1312 τοῦ
893 1249 1018 1344 ἔθνους
1046 1241 1127 1311 άπο-

109 1354 249 1439 πέμπει·
271 1348 327 1416 καὶ
350 1346 480 1440 ᾤκησεν
500 1346 673 1429 Ἀσκάνιος
695 1349 817 1419 αὐτόθι
836 1349 962 1438 χρόνον
985 1348 1060 1416 τινὰ
1086 1347 1127 1417 οὐ
1141 1381 1168 1421 10

109 1456 231 1526 πολύν.
277 1453 451 1522 ἐλθόντων
480 1454 517 1522 δέ
545 1452 589 1534 ὥς
620 1452 724 1524 αὐτὸν
748 1458 992 1543 Σκαμανδρίου
1014 1481 1049 1522 τε
1072 1456 1127 1523 καὶ

53 1568 188 1632 ιιθτῶν
220 1560 334 1629 άλλων
360 1558 563 1648 Ἑκτοριδῶν
591 1559 783 1648 ἀφειμένων
816 1564 852 1629 ἐκ
883 1565 942 1647 της
968 1557 1128 1642 Ἑλλάδος

109 1667 177 1739 ὑπὸ
202 1668 456 1753 Νεοπτολέμου,
479 1665 633 1753 κατάγων
662 1666 783 1747 αὐτοὺς
806 1669 859 1736 ἐπὶ
883 1664 945 1753 τὴν
968 1667 1127 1759 πατρῴαν

109 1774 221 1864 ἀρχὴν
244 1779 292 1854 είς
309 1780 432 1862 Τροίαν
456 1771 652 1860 ἀφικνεῖται.
689 1775 744 1841 καί
767 1775 843 1860 περὶ
866 1773 928 1861 μὲν
948 1771 1126 1843 Ἀσκανίου
1146 1790 1166 1855 6

108 1885 258 1951 τοσαῦτα
281 1882 423 1965 λέγεται·
446 1879 525 1959 τοὺς
539 1879 577 1948 δέ
590 1879 713 1960 άλλους
731 1885 853 1960 παῖδας
867 1885 1004 1960 Αἰνείας
1021 1906 1126 1969 παρα·
1141 1913 1167 1955 15

107 1985 227 2074 λαβὼν
255 1986 310 2054 καὶ
337 1985 397 2055 τὸν
425 1989 549 2071 πατέρα
576 1987 631 2053 καὶ
658 1985 698 2055 τά
733 1989 791 2074 ἕδη
821 1991 891 2056 των
913 1989 1017 2071 θεῶν,
1042 1989 1126 2054 ἐπει-

109 2092 152 2181 δὴ
177 2091 434 2180 παρεσκευάσθη
457 2089 495 2160 τὸ
519 2093 682 2161 ναυτικὸν
701 2091 802 2185 αὐτῷ,
826 2098 960 2161 διαπλεῖ
980 2090 1040 2160 τὸν
1054 2091 1127 2160 Ἑλ-

108 2200 304 2288 λήσποντον
320 2198 385 2266 -έπδ
411 2201 470 2284 τῆς
493 2203 627 2286 ἔγγιστα
654 2202 808 2288 κειμένης
830 2198 1039 2287 χερρονήσου
1065 2198 1126 2267 τὸν

107 2310 221 2376 πλοῦν
253 2303 474 2391 ποιούμενος,
506 2301 527 2391 η’
559 2304 730 2393 πρόκειται
767 2305 828 2393 μέν
860 2309 919 2390 τῆς
951 2303 1127 2394 Εὐρώπης,

107 2421 261 2482 καλεῖται
286 2410 323 2478 δέ
345 2411 517 2498 Παλλήνη.
554 2417 657 2492 ἔθνος
681 2410 711 2478 δ’
737 2409 825 2499 εἶχεν
850 2408 955 2497 αὐτὴν
978 2411 1126 2502 Θρᾴκιον
1141 2443 1167 2484 ιο

50 2543 105 2592 120
117 2520 299 2608 σύμμαχον
317 2525 513 2606 Κρουσαῖον
536 2518 746 2606 καλούμενον
770 2516 929 2587 ἁπάντων
953 2518 1127 2606 προθυμό-

108 2653 215 2698 τατον
238 2627 307 2692 τῶν
331 2625 575 2712 συναραμένων
594 2623 708 2705 αὐτοῖς
725 2630 786 2694 τοῦ
809 2628 966 2713 πολέμου.

179 2730 396 2799 XXXXVHI.
414 2727 449 2797 Ὁ
472 2731 534 2818 μὲν
558 2723 621 2799 οὖν
644 2730 839 2811 πιστότατος
861 2734 929 2800 τεόν
954 2732 1076 2820 λόγων,
1099 2725 1125 2827 ᾧ
1149 2805 1169 2817 ‚

108 2843 268 2928 κέχρηται
291 2840 358 2904 τῶν
381 2842 534 2906 παλαιῶν
550 2841 774 2925 συγγραφέων
793 2835 988 2919 Ἑλλάνικος
1002 2842 1039 2908 έν
1057 2854 1127 2921 τοῖς

173 3062 406 3157 2θαλάσσηςΒ
487 3065 539 3139 8η
564 3065 740 3124 άσκανία-
761 3071 945 3193 ἓωσιλείᾳ
907 3070 959 3124 A
951 3089 981 3124 m
1000 3070 1126 3140 margine

108 3149 144 3199 12
165 3135 399 3229 άφειμενωνο.
393 3139 515 3229 Sylburg
547 3136 757 3210 άφιγμένωνΑ
791 3140 810 3194 b
838 3139 997 3211 αφιγμένον
1015 3143 1062 3195 Ba
1095 3137 1127 3196 ἐκ

106 3215 160 3283 τῆς
170 3204 338 3271 Ελλάδος’
321 3209 484 3280 αφειμένων
499 3229 522 3266 ο
532 3211 638 3280 Kayser
651 3211 723 3265 Anu.
738 3211 807 3297 phil
824 3218 891 3268 1863
906 3231 934 3281 p
951 3219 966 3266 6
1023 3219 1055 3265 13
1070 3206 1127 3266 ὑπὸ

107 3285 166 3341 AB
194 3274 272 3348 παρὰ
302 3297 324 3335 ο.
343 3281 474 3337 Meineke
565 3289 598 3337 16
617 3283 666 3336 καί
684 3279 732 3354 τὰ]
752 3278 787 3336 τὰ
806 3283 851 3337 Ba
924 3288 956 3336 19
977 3276 1128 3349 Εὐρωπίης

108 3375 135 3413 ο.
155 3356 192 3408 Ιε.
209 3351 283 3405 Voss
302 3353 339 3406 ad
353 3354 451 3439 Pomp.
466 3354 570 3410 Melam
588 3354 648 3408 112
672 3372 699 3423 p.
715 3358 765 3408 687
788 3350 943 3428 Θρᾴκηςο.
959 3352 1047 3406 Cobet
1061 3353 1126 3407 Obs
1141 3396 1146 3407 .

107 3447 150 3514 p.
159 3431 192 3480 31
279 3428 313 3478 20
337 3418 429 3509 αὐτην
453 3424 574 3481 Sintenis
598 3426 658 3479 Em
683 3424 763 3478 Dion
787 3425 800 3477 I
831 3442 859 3492 p.
879 3430 913 3478 30
946 3416 1018 3489 αότη
1042 3423 1067 3475 Α
1096 3419 1128 3476 έν

110 3492 186 3567 αὐτῇ
209 3494 232 3547 Β
266 3493 271 3561 Ι
304 3489 489 3564 θράκκιονΑ
560 3503 592 3550 21
614 3499 764 3549 κλουσαῖον
783 3498 808 3548 A
