2454 3916
104 210 149 274 46
530 212 695 264 -Α-

105 371 198 458 φέων
235 374 428 457 Τυρρηνίδα
459 369 559 437 πόλιν
596 367 684 439 εἶναι
719 367 896 455 ὑπέλαβον.
943 367 1122 458 ὀνομάτων

105 477 168 565 μὲν
200 469 263 545 οὖν
296 476 502 563 ἐναλλαχῆν,
534 477 677 544 ἑπεὶκα
679 476 826 562 ίβίων,
857 481 1020 565 πείθομαι
1050 491 1123 557 τοῖς

106 589 222 651 ἔθνεσι
251 584 429 669 γενέσθαι·
461 586 579 652 κοινοῦ
608 580 696 650 δὲ”
676 609 775 668 αμφω
807 584 1039 670 μετειληφέναι
1066 586 1121 669 γέ-

105 717 187 770 νους
210 686 251 757 οὐ
275 694 447 776 πεύθομαι,
469 697 606 768 πολλοῖς
627 715 661 756 τε
683 687 797 769 ἄλλοις
810 690 865 757 καὶ
888 688 1030 776 μάλιστα
1048 703 1122 769 ταῖς
1141 706 1166 756 ῖῖ

79 810 236 884 ὁφωναῖς
259 793 372 863 αὐτῶν
395 797 652 883 διηλλαγμέναις
674 797 729 863 καὶ
753 794 914 883 οὐδεμίαν
937 793 1119 884 ὁμοιότητα

66 898 290 985 3σωζούσαις
316 901 582 990 τεκμαιρόμενος.
629 903 699 970 (καί
727 901 790 991 γὰρ
814 902 851 971 δι’
881 902 957 972 οὔτε
980 911 1120 991 Κροτω-

106 1010 232 1095 νιηται’
253 1006 298 1087 ὥς
315 1027 420 1095 φησιν
437 1006 620 1096 Ἡρόδοτος
639 1006 833 1095 “οὐδαμοῖσι
851 1013 919 1077 τῶν
933 1013 998 1079 νῦν
1013 1029 1120 1097 σφεας

106 1113 363 1203 περιοικεόντων
409 1115 496 1182 είσὶν
537 1112 748 1201 ὁμόγλωσσοι
794 1113 871 1184 οὔτε
911 1120 1119 1202 Πλακιηνοί,

106 1226 203 1307 σφίσι
227 1217 258 1286 δ’
284 1218 505 1308 ὁμόγλωσσοι.
546 1224 687 1307 δηλοῦσι
710 1221 747 1289 δὲ
770 1219 832 1307 ὅτι,
854 1221 916 1290 τὸν
938 1218 1118 1308 ἠνείκαντο

68 1349 94 1389 ιο
106 1326 258 1415 γλώσσης
280 1330 470 1416 χαρακτῆρα
493 1332 749 1414 μεταβαίνοντες
767 1329 801 1407 ἐς
813 1331 917 1398 ταῦτα
939 1325 980 1394 τδι
1002 1332 1122 1415 χωρία,

105 1438 226 1502 τοῦτον
260 1439 394 1522 ἔχουσιν
427 1435 464 1501 ἐν
495 1435 654 1522 φυλακῆ’.
696 1439 804 1502 καίτοι
830 1433 1039 1521 θαυμάσειεν
1077 1430 1122 1500 ἄν

105 1567 170 1625 τις,
203 1545 234 1608 εί
256 1549 462 1618 Πλακιανοῖς
489 1538 551 1625 μὲν
583 1551 654 1618 τοῖς
685 1540 758 1624 περὶ
785 1537 846 1607 τὸν
869 1536 1122 1626 Ἑλλήσποντον

106 1649 260 1714 οίκοῦσιν
302 1643 424 1732 ὁμοίαν
465 1644 639 1712 διάλεκτον
676 1641 767 1730 είχον
803 1648 839 1712 οί
872 1649 1122 1732 Κροτωνιᾶται,

106 1750 219 1838 ἐπειδὴ
252 1752 422 1837 Πελασγοὶ
453 1743 540 1838 ῆσαν
574 1747 757 1838 ἀμφότεροι
788 1747 957 1838 ἀρχῆθεν,
989 1758 1122 1840 Τυρρη-

67 1879 93 1919 1⁵
107 1871 181 1936 νοϊς
204 1856 242 1924 δὲ
261 1870 332 1937 τοῖς
355 1863 489 1943 έχχιστα
507 1861 637 1925 οἰκοῦσι
651 1855 757 1943 μηδὲν
781 1854 912 1944 ὁμοίαν.
945 1860 976 1924 εί
997 1855 1065 1945 γὰρ
1084 1858 1123 1925 τὸ

108 1962 267 2050 συχχενδς
289 1966 347 2050 τῆς
370 1960 564 2050 ὁμοφωνίας
592 1971 700 2031 αίτιον
723 1960 948 2049 ὑποληπτέον,
971 1962 1124 2050 θάτερον

68 2069 151 2155 4δῆ
173 2094 242 2137 που
267 2071 326 2154 τῆς
354 2072 558 2154 διαφωνίας·
587 2064 714 2155 οὐγὰρ
738 2067 779 2156 δῆ
807 2067 890 2136 κατά
912 2093 949 2153 γε
971 2067 1009 2136 τὸ
1036 2064 1121 2138 αὐτὸ
1144 2093 1163 2144 7

110 2177 250 2263 ἐγχωρεῖ
269 2181 417 2263 νομίζειν
438 2171 638 2262 τάμφότερα.
660 2174 716 2242 καί
738 2173 803 2263 χδιρ
818 2175 860 2262 δῆ
874 2173 912 2243 τὸ
927 2173 990 2260 μὲν
1005 2175 1125 2263 ἕτερον

107 2283 164 2351 καὶ
187 2281 291 2368 λόγον
313 2279 378 2349 τιν’
401 2276 444 2348 διν
468 2279 534 2367 εἶχε
556 2280 756 2367 γενόμενον,
779 2279 817 2348 τὸ
841 2278 884 2367 δῆ
902 2280 982 2360 τοὺς
1004 2280 1124 2368 πρόσω

69 2389 166 2468 εοτδις
199 2387 344 2475 οίκῆσεις
374 2384 434 2455 ἀπ’
470 2383 624 2474 σἰλλῆλων
660 2388 907 2475 ποιησαμένους
944 2384 1125 2473 ὁμοεθνεῖς

108 2497 223 2583 μηκέτι
247 2494 421 2576 διασώζειν
444 2493 505 2562 τὸν
529 2490 632 2561 αὐτὸν
650 2495 710 2579 τῆς
733 2494 908 2561 διαλέκτου
930 2497 1125 2582 χαρακτῆρα

109 2600 166 2669 διδι
188 2601 247 2680 τὰς
269 2599 352 2687 πρὸς
374 2598 453 2679 τοὺς
474 2601 577 2679 πέλας
602 2596 748 2686 ὁμιλίας·
770 2597 808 2667 τὸ
833 2599 871 2667 δὲ
892 2597 973 2678 τοὺς
996 2601 1034 2668 ἐν
1051 2614 1125 2680 τοῖς

108 2703 223 2784 αὐτοῖς
250 2708 425 2784 οίκοῆντας
451 2711 590 2793 χωρίοις
613 2703 691 2791 μηδ’
717 2701 833 2773 ὁτιοῦν
860 2703 943 2773 κατδι
965 2703 1029 2793 τῆν
1053 2733 1124 2793 φω-

108 2809 174 2897 νῆν
206 2806 361 2895 σἰλλῆλοις
399 2806 576 2896 ὁμολογεῖν
609 2812 644 2876 ἐκ
679 2807 803 2878 ταύτοῦ
840 2809 970 2897 φύντας
1000 2815 1126 2899 γένους

69 2944 95 2985 ει
110 2911 234 2984 ουδένα
257 2913 361 2999 λόγον
384 2919 458 3000 ἔχει
592 2933 594 2936 ⁴

181 3050 409 3140 ῖέπαλλαχὴνΒ
424 3055 429 3124 Ι
445 3056 543 3126 βίονΑ
597 3063 613 3112 6
628 3049 645 3125 ῆ
660 3076 714 3126 χαρ
728 3057 780 3110 AB
793 3052 890 3111 κοιλ
856 3077 911 3126 χαρ
925 3058 1029 3116 Herod.
1040 3060 1054 3114 1
1069 3064 1121 3116 67
1118 3088 1121 3128 ¹

109 3120 370 3212 κροτωνιοίταιςΑ
387 3129 569 3213 κροτωνίταις
594 3128 616 3180 Β
647 3128 860 3209 Κρηστωνιῆται
885 3129 1085 3186 Herodotusl.
1104 3132 1124 3186 l.

147 3203 250 3266 ’ίφησι
268 3195 291 3250 Β
311 3197 315 3267 Ι
336 3191 401 3251 ουδ’
421 3192 555 3259 ἄλλοιςΟ
589 3193 724 3268 ουδαμοῖς
745 3197 848 3253 Reiske
871 3217 941 3255 corr.
965 3202 1125 3258 Ambrosch

110 3269 349 3354 8πλακιηνοῑςΒ
376 3272 544 3330 πλακιανοῖς
561 3269 587 3323 Α
677 3276 781 3337 9φηοι
803 3269 856 3323 ΑΒ
881 3273 885 3339 Ι
909 3266 1047 3357 ῆνίκαντο
1078 3272 1125 3328 Ba

110 3333 275 3424 ῆνέχκαητο
286 3339 333 3393 Bb
410 3344 444 3393 10
462 3334 570 3425 χλμίσση
594 3339 665 3408 AB}
687 3337 726 3401 εςί
749 3340 801 3393 AB
880 3348 912 3396 17
936 3338 1125 3433 κατάχετοΔ

147 3416 180 3464 18
203 3405 238 3463 τὰ
257 3402 407 3480 ἀμφότερα
425 3409 448 3462 Β
466 3406 501 3463 τά
521 3410 574 3464 del.
590 3407 679 3464 Cobet
697 3361 761 3464 Oche.
780 3428 843 3499 ρ.
823 3416 857 3466 2⁷
932 3419 965 3467 19
984 3412 1048 3469 *αν
1068 3433 1124 3470 om.

112 3471 190 3533 Οαν
209 3499 273 3533 τινα
292 3480 393 3536 Βοὶελῑθ
465 3484 500 3534 24
518 3474 624 3533 ταῦτοῦ
643 3481 666 3533 Β
683 3500 733 3534 του
753 3483 843 3536 αυτοῦ
863 3484 889 3537 Β
