2454 3916
148 213 213 280 208
572 217 736 270 -B-

147 372 230 443 κατά
267 372 346 455 τοὺς
382 372 507 462 ἀγροὺς
542 375 598 442 καὶ
634 375 715 462 πρὶν
757 373 930 443 ἀνατεῖλαι
966 371 1029 444 τόν
1069 373 1171 462 ἥλιον

148 479 269 568 μεταξὺ
292 485 352 549 τοῦ
375 507 409 549 τε
432 487 603 569 Κυρινίου
624 482 681 550 καὶ
703 485 764 550 τοῦ
783 484 1000 550 Καπιτωλίου
1022 485 1169 569 τίθησιν

149 590 249 680 ἐντῷ
268 592 371 680 πεδίῳ
390 587 450 659 τὸν
469 588 606 677 χάρακα.
640 585 731 676 ὁρῦν
751 587 789 657 δὲ
803 586 950 675 ἀσφαλεῖ
963 584 1080 657 πάντα
1097 611 1216 676 φαοιι

148 700 231 784 λακῇ
254 695 457 784 κατεχόμενα
479 693 563 784 πρὸς
584 699 652 764 τάν
675 701 857 783 πολεμίων,
880 699 977 782 σφίσι
999 693 1039 763 δὲ
1062 692 1169 765 οῦδὲν

107 848 120 887 5
148 807 273 889 χωρίον
301 800 566 889 ἀπολειπόμενον
595 800 720 889 ὀχυρὸν
754 807 801 882 είς
830 799 960 889 πολλὴν
987 803 1168 872 ἐνέπιπτεν

148 905 292 998 ἀπορίαν
321 907 382 976 οῦκ
410 914 495 995 έχων
524 907 544 976 ό
566 936 598 977 τι
625 908 782 996 χρήσεται
809 912 850 998 τῇ
880 912 978 998 τριβῇ
1000 912 1066 978 τοῦ
1087 910 1168 998 χρό

113 1017 221 1082 2νου.
268 1012 497 1101 ἀμηχανοῦντι
522 1013 560 1082 δὲ
588 1012 678 1107 αὐτῷ
701 1015 890 1101 παράδοξος
914 1014 1052 1103 εὐτυχία
1075 1022 1166 1104 γίνε»

147 1146 201 1188 ται
233 1123 488 1209 παραδοθέντος
519 1125 580 1190 τοῦ
612 1127 792 1208 κρατίστου
827 1126 895 1190 τῶν
933 1119 1166 1210 ὀχυρωμάτων

147 1224 229 1295 κατὰ
257 1227 393 1296 τοιόνδε
420 1225 496 1297 τινά
526 1234 719 1316 συντυχίαν.
765 1228 985 1316 παρεξιόντας
1010 1227 1077 1320 γάρ
1102 1229 1165 1319 τὴν

108 1362 134 1401 10
148 1335 242 1422 ῥίζαν
271 1339 331 1402 τοῦ
359 1340 576 1404 Καπιτωλίου
602 1334 682 1416 τοῦς
705 1341 878 1422 Σαβίνους
905 1341 952 1415 είς
975 1337 1166 1425 ἐπίσκεψιν,

148 1449 181 1508 εί
199 1468 230 1508 τι
254 1443 355 1529 μέρος
377 1440 532 1530 εὑρεθείη
555 1447 616 1512 τοῦ
640 1442 751 1530 λόφου
773 1446 879 1531 κλοπῇ
903 1447 1081 1530 ληφθῆναι
1106 1447 1166 1514 δυ·

147 1545 250 1615 νατὸν
279 1543 299 1635 ἢ
328 1555 400 1640 βίᾳ,
428 1552 601 1636 παρθένος
627 1577 677 1630 τις
704 1547 769 1617 ἀπὸ
798 1553 859 1618 τοῦ
888 1547 1061 1639 μετεώρου
1086 1577 1165 1622 τιατ-

147 1653 279 1722 εσκόπει
304 1655 460 1742 θυγάτηρ
487 1654 611 1742 ἀνδρὸς
634 1656 834 1741 ἐπιφανοῦς,
865 1647 892 1747 ᾦ
920 1657 1164 1746 προσέκειτοὴ

108 1762 208 1829 θεοῦ
235 1766 361 1849 χωρίου
390 1761 539 1848 φυλακή,
568 1762 714 1847 Τάρπεια
743 1760 864 1848 όνομα·
891 1761 947 1829 καὶ
970 1758 1096 1850 αὐτὴν,
1120 1763 1165 1846 ὥς

108 1893 133 1933 15
148 1867 209 1954 μέν
228 1866 356 1954 Φάβιός
373 1894 408 1935 τε
426 1869 481 1936 καὶ
496 1875 635 1954 Κίγκιος
653 1868 856 1956 γράφονσιν,
876 1872 960 1956 έρως
979 1871 1165 1959 εἰσέρχεται

146 1977 215 2041 τῶν
229 1972 419 2060 φελλίων,ἀ
434 1976 509 2061 περὶ
522 1990 592 2055 τοῖς
606 1974 794 2065 ἀριστεροῖς
805 1979 984 2062 βραχίοσιν
997 1976 1164 2066 ἐφόρουν,

145 2082 202 2150 καὶ
224 2084 292 2149 τεόν
317 2085 519 2150 δακτυλίων·
543 2081 752 2170 χρυσοφόροι
771 2079 835 2168 γάρ
854 2073 942 2168 ἦσαν
961 2084 998 2151 οἱ
1013 2090 1164 2171 Σαβῖνοι
1204 2119 1206 2122 ’

145 2187 220 2256 τότε
251 2188 307 2255 καὶ
339 2192 524 2278 Τυρρηνῶν
558 2187 619 2275 οὐχ
651 2180 751 2276 ἧττον
783 2185 1008 2278 ἁβροδίαιτοι·
1047 2188 1094 2271 ὡς
1127 2192 1163 2260 δὲ

146 2299 284 2362 Πείσων
307 2293 450 2374 Λεύκιος
476 2291 493 2363 ὁ
517 2294 686 2381 τιμητικὸς
714 2297 854 2384 ίστορεῖ,
882 2299 988 2363 καλοῦ
1011 2296 1163 2384 πράγμα-

106 2426 132 2466 οο
145 2430 201 2483 τος
224 2405 388 2490 ἐπιθυμία
401 2400 552 2489 γνμνοῦς
570 2406 638 2469 τῶν
656 2406 907 2487 σκεπαστηρίων
923 2399 1038 2471 ὅπλων
1052 2425 1204 2492 παρα-318

147 2513 268 2578 δοῦναι
297 2523 368 2589 τοῖς
397 2513 547 2588 πολίταις
578 2506 656 2589 τοὺς
685 2513 873 2594 πολεμίους.
925 2504 1091 2599 ὁπότερον
1125 2512 1162 2580 δέ

145 2615 275 2684 τούτων
294 2613 523 2703 ἀληθέστερόν
547 2616 638 2682 ἐστιν
657 2616 692 2681 έκ
710 2618 779 2682 τῦν
798 2612 942 2702 ὕστερον
965 2620 1160 2704 γενομένων

105 2720 127 2783 4
147 2724 272 2803 ἔξεστιν
296 2721 445 2802 είκάζειν.
490 2723 647 2808 πέμψασα
671 2718 702 2787 δ’
725 2712 787 2789 οῦν
811 2725 879 2789 τῶν
902 2728 1160 2808 θεραπαινίδων

145 2825 221 2895 τινά
255 2825 311 2895 διά
342 2831 498 2913 πυλίδος,
535 2825 578 2914 ἣν
611 2826 723 2907 οὐδεὶς
756 2832 883 2914 έμαθεν
920 2826 1158 2918 ἀνοιγομένην,

106 2956 131 2997 τι
145 2933 242 3021 ἠξίου
273 2931 333 3001 τὸν
365 2935 504 3019 βασιλέα
532 2939 600 3002 τεόν
629 2940 791 3021 Σαβίνων
822 2937 936 3002 ἐλθεῖν
967 2933 1053 3026 αὑτῇ
1084 2940 1159 3025 δίχα

145 3046 213 3111 τῶν
241 3039 353 3108 ἀλλων
381 3045 428 3119 είς
456 3039 593 3127 λόγους,
624 3039 669 3121 ἀς
697 3044 811 3132 έκείνφ
841 3043 1061 3130 διαλεξομένη
1083 3045 1158 3132 περὶ

145 3147 337 3235 πράγματος
372 3144 559 3232 ἀναγκαίου
594 3149 649 3216 καὶ
683 3148 839 3235 μεγάλου.
899 3149 1086 3235 δεξαμένου
1121 3151 1157 3219 δὲ

217 3339 411 3399 θάνέπιπτεν
433 3344 459 3397 Α
541 3338 791 3410 ΊπαραδόξωςΒ
873 3348 906 3396 12
926 3343 977 3397 τοῦ
1003 3342 1027 3396 Β
1057 3348 1157 3401 om.R

146 3421 179 3470 16
198 3418 310 3484 ψαλίων
327 3415 404 3470 ABa
430 3415 552 3482 ψελλίων
570 3414 616 3468 Bb
690 3421 722 3470 17
742 3415 940 3469 δακτυλίωνΒ
968 3412 1158 3472 δακτάλωνΒ

147 3492 180 3542 19
200 3489 288 3543 πίσων
307 3488 353 3542 Ba
424 3493 459 3541 26
479 3483 664 3555 διαλεξομένη
682 3486 811 3540 nonnulli
828 3486 959 3555 legerunt
