2438 3908
487 201 653 252 -Γ-
1010 199 1074 264 367

63 381 151 442 χειν,
180 357 345 444 ἱκετηρίας
372 352 600 441 ἀναλαβόντες
627 357 771 443 ἐξῆλθον
799 359 835 425 ἐκ
863 360 922 443 τῆς
949 357 1077 438 πόλεως

62 462 119 529 καλ
142 464 334 549 παρέδοσαν
359 461 505 543 ἑαυτούς.
552 467 588 531 ολ
608 463 646 532 δὲ
667 461 730 551 τὴν
752 465 965 551 καλουμένην
987 468 1116 533 Κολ·2

62 573 201 638 λατίανχ
217 573 451 650 κατοικοῦντες
492 569 720 657 ἐπειράθησαν
762 569 824 658 μὲν
864 573 979 640 ἐλθεῖν
1019 569 1075 639 διά

62 673 169 762 μάχης
205 675 290 762 πρὸς
324 675 383 754 τάς
407 672 580 763 Ῥωμαίων
614 678 775 764 δυνάμεις
809 678 865 745 καλ
897 682 1075 765 προῆλθον

62 783 124 863 ἔξω
148 786 208 868 τῆς
224 779 363 868 πόλεως,
386 784 424 850 ἐν
446 779 591 864 άπάσαις
609 783 647 852 δλ
669 797 742 864 ταῖς
760 792 965 872 συμπλοκαῖς
984 788 1102 854 ἐλαι-τ

61 889 220 976 τοόμενοι
251 890 308 957 καλ
344 887 471 976 πληγὰς
507 887 632 970 πολλάς
668 891 897 978 λαμβάνοντες
932 890 1076 978 ἡναγκά-

62 1004 199 1083 σθησαν
225 995 328 1065 πάλιν
356 1001 403 1075 είς
429 995 467 1064 τὸ
494 1010 603 1084 τεῖχος
629 1011 835 1084 καταφυγεῖν
864 998 921 1066 καλ
944 1001 1076 1087 διεπέμ

60 1128 167 1172 ποντο
195 1101 279 1191 πρὸς
309 1102 367 1184 τάς
394 1110 552 1172 Λατίνων
585 1101 698 1185 πόλεις
725 1104 917 1192 αἰτούμενοι
949 1125 1075 1195 συμμα-

61 1215 149 1298 χίαν.
191 1207 236 1290 ὡς
258 1209 297 1278 δὲ
319 1211 509 1297 βραδύτερα
527 1209 568 1278 τά
586 1211 664 1299 παρ’
682 1212 820 1279 ἐκείνων
842 1204 898 1299 ἦν,
917 1215 972 1280 καλ
992 1212 1074 1282 κατὰ

61 1314 169 1384 πολλά
197 1317 280 1406 μέρη
308 1320 369 1385 τοῦ
396 1322 526 1404 τείχους
558 1321 594 1385 ολ
617 1318 770 1404 πολέμιοι
797 1315 855 1398 τάς
884 1318 1075 1408 προσβολάς
1089 1346 1115 1386 ιο

10 1442 59 1493 547
68 1425 258 1509 ἐποιοῦντο,
280 1426 493 1508 παραδοῦναι
515 1422 579 1510 τὴν
603 1423 703 1492 πόλιν
721 1420 987 1510 ἠναγκάσθησαν
1010 1424 1074 1494 σὺν

61 1529 184 1622 χρόνῳ.
226 1528 267 1599 οὐ
290 1532 404 1618 μέντοι
430 1533 490 1618 τῆς
513 1528 615 1619 αὐτῆς
637 1529 849 1618 μετριότητος
877 1536 1012 1619 ἔτυχον,
1036 1523 1114 1620 ἦς3

61 1643 288 1723 Νωμεντανοί
306 1663 343 1706 τε
364 1637 421 1705 καὶ
444 1644 749 1726 Κρουστομερῖνοι,
777 1635 851 1706 ἀλλ’
878 1635 964 1706 ὅπλά
991 1665 1027 1707 τε
1055 1636 1073 1708 ὁ

61 1743 219 1831 βασιλεὺς
255 1740 409 1832 ἀφείλετο
451 1745 507 1812 καὶ
548 1748 596 1824 είς
636 1743 787 1832 χρήματα
824 1745 983 1832 ἐζημίωσε
1018 1746 1074 1813 καλ

61 1849 219 1939 φρουρὰν
241 1852 415 1919 κατέλιπεν
439 1853 476 1919 ἐν
498 1853 539 1940 τῇ
557 1850 653 1919 πόλει
675 1849 737 1938 τὴν
761 1849 882 1939 ίκανὴν
904 1849 1019 1940 άρχειν
1039 1877 1075 1920 τε
1089 1873 1115 1915 ιτ

62 1955 176 2025 αὐτῶν
200 1959 291 2039 ἔταξε
313 1955 375 2045 τὴν
399 1956 641 2026 ἀνυπεύθυνον
669 1955 779 2045 ἀρχὴν
806 1955 863 2026 διὰ
885 1963 965 2044 βίου
992 1965 1075 2048 Ταρ-

60 2062 182 2132 κύνιον
196 2062 364 2153 ’Ἄρροντα
391 2062 451 2134 τὸν
481 2068 571 2132 ίδιον
600 2063 825 2152 ἀδελφιδοῦν,
849 2059 886 2144 ὃς
909 2064 992 2152 μετὰ
1013 2065 1075 2154 τὴν

60 2171 220 2259 τελευτὴν
250 2175 312 2239 τοῦ
343 2197 379 2239 τε
410 2170 534 2260 πατρὸς
550 2170 736 2258 ’Ἄρροντος
762 2172 818 2238 καλ
845 2174 907 2239 τοῦ
939 2171 1076 2240 πάππον

61 2277 271 2365 Δημαράτου
297 2277 479 2366 γενόμενος
506 2276 584 2347 οὔτε
612 2282 681 2347 τῶν
708 2276 873 2370 πατρῴων
900 2275 978 2346 οὔτε
1007 2282 1075 2346 τῶν

59 2387 123 2454 τοῦ
154 2383 291 2453 πάππου
322 2383 502 2481 χρημάτων
531 2384 594 2471 τὴν
626 2386 864 2480 προσήκουσαν
896 2383 1073 2473 ἐκληρουό-
1088 2404 1115 2445 20

60 2511 148 2581 μησε
183 2504 307 2581 μοῖραν
342 2493 398 2560 καὶ
434 2490 492 2559 διὰ
528 2491 654 2578 ταύτην
685 2489 748 2579 τὴν
785 2495 897 2559 αίτίαν
925 2488 1076 2578 Ἠγέριος

60 2598 299 2686 ἐπωνομάσθη.
343 2597 423 2679 τοὺς
450 2596 514 2687 γάρ
545 2595 695 2685 ἀπόρους
716 2598 772 2665 καλ
795 2596 947 2685 πτωχοὺς
970 2595 1076 2678 οὕτως

60 2704 265 2793 ὀνομάζουσι
282 2703 448 2792 Ῥωμαῖοι.
495 2707 528 2787 ἐξ
552 2696 593 2773 οὗ
615 2704 652 2772 δὲ
674 2706 840 2791 παρέλαβε
861 2705 925 2791 τὴν
949 2705 1076 2791 ἐκείνης

59 2816 120 2899 τῆς
146 2811 274 2893 πόλεως
302 2813 489 2901 ἐπιμέλειαν
516 2809 618 2890 αὐτός
644 2837 680 2879 ιε
702 2817 912 2892 Κολλατῖνος
941 2810 1074 2899 ἐπεκλή-

59 2927 109 3006 θη
132 2919 189 2986 καλ
211 2917 333 2999 πάντες
357 2922 392 2988 οί
407 2916 464 2986 ἀπ’
482 2920 613 2987 ἐκείνου
630 2915 816 3004 γενόμενοι.
857 2915 939 3004 μετὰ
958 2917 996 2986 δὲ
1013 2895 1116 3022 τηυξ

64 3030 252 3105 Κολλατίας
277 3025 467 3114 παράδοσιν
500 3025 553 3093 ἐπὶ
582 3022 642 3093 τὸν
673 3022 883 3111 καλούμενον
910 3027 1075 3112 Κορνίκο-

133 3263 151 3312 4
169 3258 318 3327 προῆλθεν
334 3255 359 3311 Α
437 3260 452 3310 5
471 3251 576 3319 πάσαις
593 3256 616 3309 Β
692 3261 709 3311 9
728 3246 867 3380 η’ν]Βῆκεν
890 3270 914 3308 ο.
933 3252 1076 3322 Kiessling

60 3334 96 3388 10
115 3325 146 3382 ολ
166 3327 297 3399 πολέμιοι
318 3329 341 3382 Β
365 3344 418 3384 om.
437 3329 463 3383 R
535 3333 569 3381 13
588 3321 662 3383 ὅπλα
684 3346 748 3398 τινα
799 3326 818 3380 b
891 3330 924 3378 19
943 3322 1075 3396 δ<η>μα-

58 3396 149 3472 ράτου
167 3399 191 3454 Β
209 3396 375 3471 δαμαράτου
389 3399 415 3452 Α
475 3404 508 3453 21
528 3393 641 3468 ἡμέρως
655 3397 708 3451 AB
772 3403 806 3452 23
832 3390 1076 3466 ἐπονομάζουσιΒ

59 3481 95 3531 26
115 3468 147 3527 τό
170 3491 194 3526 κ.
214 3471 388 3541 Κορνίκολον
407 3487 430 3525 c.
451 3471 574 3540 Sylburg
