2454 3916
571 205 738 255 „p-

109 366 355 450 λκαταίσχυυε.
400 358 492 431 ταῦτ’
519 359 623 431 είπών
652 359 713 430 ούκ
741 361 905 449 ἐφύλαξεν
934 364 970 430 ἐν
998 367 1046 455 τῷ
1071 382 1169 451 μισο-

146 469 285 562 πονῆρφ
303 468 341 539 τὸ
361 471 507 558 μέτριον,
526 467 600 537 ἀλλ’
623 466 667 549 ὡς
685 466 773 556 εἶχεν
793 467 895 557 ὀργῆς
914 467 1001 539 ύθεῖ
1018 467 1077 539 διὰ
1094 475 1167 539 τῶν

146 582 302 666 πλευρῶν
325 575 428 664 αὐτῆς
450 575 487 646 τὸ
512 580 618 664 ξίφος,
641 575 839 656 ἀποκτείνας
862 577 900 646 δὲ
922 575 984 665 τῆν
1008 574 1166 666 άδελφῆυ

146 686 258 770 παρῆν
282 681 327 762 ὡς
348 681 408 752 τὸν
431 684 564 772 πατέρα.
610 681 698 751 οὕτω
722 682 760 752 δὲ
782 680 848 773 άρα
871 683 1085 775 μισοπόνηρα
1108 687 1166 754 καί

121 788 285 877 εαύθάδη
308 789 348 859 τὰ
365 793 434 859 τῶν
452 788 526 858 τότε
544 787 718 876 Ῥωμαίων
735 788 805 876 ῆθη
824 791 880 859 καὶ
899 789 1100 878 φρονήματα
1119 785 1165 880 ῆν

33 975 37 982 ,
146 903 213 983 καί,
236 908 270 966 εί
288 923 338 976 τις
362 894 446 965 αύτά
463 895 622 983 βούλοιτο
641 895 730 984 παρὰ
752 895 792 965 τά
815 900 882 965 νῦν
902 902 983 984 ἔργα
1000 899 1057 966 καὶ
1080 898 1212 980 τούς465

147 1004 201 1093 ἐφ’
226 1002 323 1092 ἡμῶν
351 1003 510 1085 ἐξετάζειν
539 1008 652 1089 βίους,
680 999 753 1090 ὠμά
780 1004 835 1072 καὶ
863 1003 992 1093 σκληρά
1017 1007 1075 1074 καί
1105 1011 1166 1094 τῆς

146 1111 343 1197 θηριώδους
375 1108 415 1179 ού
447 1109 533 1179 πολὺ
565 1111 731 1198 ἀπέχοντα
759 1110 907 1199 φύσεως,
935 1110 1019 1181 ὥστε
1051 1112 1166 1194 πάθος

148 1219 235 1286 οὕτω
265 1216 380 1287 δεινὸν
409 1215 427 1286 ὁ
455 1217 563 1307 πατῆρ
591 1216 739 1299 άκούσας
767 1217 829 1306 ούχ
856 1216 948 1299 ὅπως
974 1217 1164 1308 ἠγανάκτη-

107 1349 133 1389 ιο
147 1345 222 1410 σευ,
250 1323 335 1394 ἄλλά
362 1330 470 1407 καλῶς
496 1327 552 1395 καὶ
579 1325 816 1414 προσηκόντως
842 1324 987 1413 ὑπέλαβε
1016 1326 1055 1396 τὸ
1079 1352 1163 1416 πρα-
1216 1402 1218 1409 s

82 1455 85 1479 ³
108 1430 127 1495 8
147 1432 232 1519 χθδυ
256 1437 358 1520 ἔχειν·
389 1430 427 1513 ὅς
449 1459 487 1520 γε
510 1431 585 1502 ούτε
609 1438 657 1512 είς
682 1431 746 1520 τῆν
769 1438 879 1501 οίκίαν
903 1441 1015 1502 εῖασεν
1039 1437 1162 1502 είσενε-

146 1542 273 1627 χθῆναι
291 1537 351 1608 τὸν
370 1537 493 1626 νεκρὸν
511 1544 569 1626 τῆς
582 1537 754 1626 θυγατρὸς
768 1536 838 1608 οὔτ’
856 1541 892 1608 ἐν
910 1553 981 1619 τοῖς
994 1540 1164 1634 πατρῴοις

145 1651 288 1734 τεθῆναι
316 1645 488 1734 μνῆμασιυ
515 1647 692 1733 ἐπέτρεψεν
722 1645 799 1714 ούτε
825 1649 961 1732 κηδείας
987 1648 1044 1714 καί
1071 1672 1162 1737 περι-

147 1757 267 1839 στολῆς
293 1753 349 1820 καὶ
376 1757 444 1821 τῶν
471 1750 584 1820 άλλωυ
611 1757 766 1840 νομίμων
792 1758 1005 1840 μεταλαβεῖν,
1028 1750 1103 1822 ἄλλ’
1131 1757 1164 1824 οί

106 1883 132 1924 15
146 1857 325 1947 παριόντες
351 1856 457 1944 αύτῆν
486 1860 689 1947 ἐρριμμένην
717 1861 754 1927 ἐν
782 1851 810 1950 ᾦ
836 1859 1021 1947 διεχρήσθη
1049 1866 1161 1952 χωρίῳ

146 1970 268 2045 λίθους
296 1967 539 2054 ἐπιφοροῦντες
569 1967 625 2035 καί
654 1970 719 2053 γῆν
752 1966 937 2053 ἐκήδευσαν
970 1965 1016 2046 ὡς
1044 1970 1162 2055 πτῶμα

106 2070 127 2134 9
148 2077 272 2161 ἔρημον
295 2074 503 2160 κηδομένων.
548 2072 651 2141 ταύτά
676 2099 711 2141 τε
740 2071 781 2160 δῆ
806 2071 927 2161 στερρὰ
950 2077 1012 2142 τοῦ
1035 2073 1162 2165 ἀνδρὸς

146 2181 202 2247 καὶ
235 2185 283 2248 ἐτι
314 2179 397 2269 πρὸς
424 2178 572 2266 τούτοις,
604 2176 626 2247 δί
654 2183 762 2268 μέλλω
790 2183 914 2267 λέγειν·
947 2178 992 2261 ὡς
1018 2179 1083 2270 γάρ
1109 2183 1161 2251 ἐπὶ

145 2295 260 2367 καλοῖς
281 2314 317 2356 τε
344 2288 400 2356 καὶ
428 2285 601 2375 εὐτυχέσιν
626 2293 737 2374 ἔργοις
763 2285 961 2376 αὐθημερὸν
986 2293 1069 2356 ἔθυε
1091 2301 1162 2368 τοῖς

105 2417 132 2459 το
145 2392 312 2487 πατρῴοις
334 2404 430 2474 θεοῖς
453 2390 493 2474 ἃς
515 2392 631 2474 εύξατο
655 2399 780 2474 θυσίας
808 2391 965 2474 καὶτοὺς
988 2407 1162 2482 συγγενεῖς

146 2500 292 2569 ἑστιάσει
321 2503 455 2591 λαμπρᾷ
481 2527 516 2568 τε
547 2501 603 2568 καὶ
632 2499 807 2589 *καθάπερ
832 2502 868 2568 ἐν
895 2515 968 2580 ταῖς
991 2507 1163 2588 μεγίσταις

147 2608 276 2694 ἑορταῖς
299 2606 476 2694 ὑπεδέχετο
500 2605 657 2686 ἐλάττους
674 2602 863 2694 ἡγούμενος
883 2605 943 2688 τὰς
965 2611 1056 2689 ίδίας
1078 2629 1162 2698 συμ

95 2720 137 2784 10
147 2712 256 2802 φοράς
282 2719 351 2783 τῶν
378 2717 504 2782 κοινάν
531 2717 592 2800 τῆς
618 2716 779 2800 πατρίδος
805 2711 956 2800 ἀγαθῶν.
1000 2720 1102 2785 τούτο
1128 2715 1159 2784 δ’

148 2819 188 2889 ού
220 2819 328 2907 μόνον
361 2817 565 2909 ὁὉράτιος,
596 2817 681 2888 ἀλλὰ
712 2820 768 2888 καὶ
800 2818 869 2908 μετ’
899 2822 1031 2891 ἐκεῖνον
1064 2821 1162 2893 άλλοι

105 2947 132 2989 τε
148 2927 267 3013 συχνοὶ
294 2925 466 3014 Ῥωμαίων
502 2926 773 3014 μνημονεύονται
802 2927 1002 3014 ποιῆσαυτες
1033 2928 1207 3019 άνδρεςεοε

147 3035 334 3119 ἐπιφανεῖς
366 3035 451 3119 λέγω
481 3031 519 3100 δὲ
545 3032 583 3101 τὸ
606 3032 709 3102 θύειν
733 3035 789 3102 καὶ
813 3049 1085 3122 στεφανηφορεῖν
1107 3038 1163 3105 καὶ

219 3191 512 3266 1κατ<αί>σχυν<ε>
534 3193 557 3246 Β
638 3199 654 3248 8
678 3189 835 3264 άπέχονται
858 3195 881 3249 Β
964 3201 996 3250 10
1019 3189 1091 3251 άλλά
1113 3184 1163 3251 κάλ

146 3265 239 3326 καλῶς
263 3282 286 3322 ο
305 3266 408 3320 Reiske
482 3270 514 3319 15
534 3259 685 3334 ἐρριμένην
703 3267 729 3318 Α
800 3272 835 3321 20
855 3259 956 3330 εύξατο
974 3267 998 3320 Β
1016 3263 1163 3334 ηύξατοΒ

147 3344 180 3393 21
192 3336 324 3411 *λαμπρ
306 3357 326 3391 α
344 3356 374 3392 τε
389 3336 477 3391 καὶκ.
492 3336 518 3389 R
535 3354 564 3389 τε
581 3351 634 3390 om
649 3336 672 3389 Β
690 3337 740 3391 κοιλ
753 3337 808 3392 del
818 3336 968 3403 Bfi0h01013
961 3338 1054 3393 ·mihi
1068 3339 1161 3408 potius

145 3407 255 3533 ἒίἱημιῗ
282 3390 348 3478 post
375 3406 424 3462 καὶ
450 3406 563 3463 videtur
589 3406 687 3464 deesse
772 3414 807 3464 26
831 3415 1023 3479 στεφηφορεῖν
1047 3410 1070 3466 O
1094 3427 1162 3467 corr.

170 3484 204 3532 uo
225 3495 284 3535 eor
