2454 3916
575 205 739 259 ,Β-

152 371 199 446 είς
223 368 399 453 ἐκκλησίαν
421 365 540 434 καὶτὰ
563 379 703 453 μαντεῖα
729 364 881 452 δηλώσας
903 362 1061 452 βασιλεὺς
1084 363 1165 433 ἀπο-

152 477 322 541 δείκνυται
348 471 433 560 πρὸς
461 470 573 542 αὐτῶν
601 473 657 540 καὶ
683 471 905 560 κατεστήσατο
934 474 971 540 ἐν
1000 477 1074 540 ἔθει
1097 487 1167 554 τοῖς

151 577 221 668 μετ’
250 578 354 649 αὐτὸν
387 577 490 648 ἀπασι
522 579 603 668 μήτε
635 585 805 666 βασιλείας
836 579 917 668 μήτε
949 576 1053 667 ἀρχάς
1084 588 1167 667 λαμ-

148 686 284 774 βάνειν,
308 686 367 756 ἐῶν
390 686 434 775 μὴ
458 688 513 754 καὶ
541 684 579 755 τὸ
604 687 785 774 δαιμόνιον
814 684 929 767 αὐτοῖς
954 689 1166 776 ἐπιθεσπίσῃ,

108 821 121 862 τ
151 796 300 882 διέμεινέ
319 820 354 863 τε
378 796 473 882 μέχρι
491 798 620 862 πολλοό
637 793 892 881 φυλαττόμενον
911 791 977 862 ὑπὸ
991 791 1165 880 Ῥωμαίων

148 899 187 970 τὸ
214 902 290 990 περί
316 899 396 981 τοὺς
425 899 628 989 οἰωνισμοὺς
660 900 822 988 νόμιμον,
855 899 897 969 οὐ
928 900 1036 988 μόνον
1069 905 1163 986 βασι

148 1009 332 1095 λευομένης
367 1010 425 1095 τῆς
459 1007 602 1092 πόλεως,
639 1004 724 1075 ἀλλὰ
763 1008 820 1075 καὶ
860 1006 940 1095 μετὰ
980 1008 1166 1075 κατάλυσιν

147 1118 216 1182 τῶν
249 1113 429 1203 μονάρχων
462 1117 499 1182 ἐν
531 1112 668 1183 ὑπάτων
700 1115 756 1182 καὶ
784 1117 978 1204 στρατηγῶν
1007 1115 1065 1182 καὶ
1091 1115 1222 1186 τῶυιΙ

41 1255 45 1260 ·
108 1219 262 1290 2ἀλλων
290 1225 360 1289 τῶν
387 1219 470 1290 κατά
497 1220 628 1308 νόμους
659 1218 833 1308 ἀρχόντων
862 1222 995 1308 αίρίσει.
1040 1223 1166 1290 πέπαυ-

109 1354 137 1395 10
149 1353 203 1396 ται
233 1325 264 1394 δ’
290 1330 328 1396 ἐν
357 1343 427 1408 τοῖς
454 1316 534 1396 καθ’
559 1326 646 1416 ἡμᾶς
672 1326 825 1417 χρόνοις,
846 1327 935 1416 πλὴν
966 1323 1041 1397 οἷον
1064 1327 1166 1397 είκῶν

148 1462 198 1516 τις
226 1433 330 1504 αὐτοῦ
358 1439 505 1504 λείπεται
532 1438 591 1522 τῆς
619 1431 714 1514 ὁσίας
741 1432 845 1520 αὐτῆς
868 1437 964 1503 ἕνεκα
991 1419 1170 1524 γινομένη..

149 1543 381 1624 ἐπαυλίζονται
409 1541 472 1629 μὲν
499 1539 564 1630 γάρ
594 1546 629 1609 οί
653 1539 712 1621 τάς
738 1538 842 1630 ἀρχάς
874 1543 1051 1629 μέλλοντες
1084 1549 1166 1639 λαμ-

147 1647 266 1734 βάνειν
293 1648 349 1716 καὶ
376 1648 452 1734 περὶ
483 1646 544 1716 τὸν
573 1646 705 1737 όρθρον
737 1645 954 1736 ἀνιστάμενοι
985 1642 1168 1718 ποιοῦνταί

146 1781 242 1835 τινας
265 1752 363 1841 εὐχὰς
385 1753 577 1843 ὑπαίθριοι,
604 1758 673 1824 τῶν
698 1754 736 1822 δὲ
758 1753 937 1844 παρόντων
961 1753 1050 1835 τινὲς
1074 1753 1164 1844 όρνι·

108 1885 134 1926 15
148 1859 331 1929 θοσκόπων
355 1859 485 1948 μισθὸν
508 1863 544 1929 ἐκ
564 1865 626 1930 τοῦ
650 1865 816 1948 δημοσίου
838 1860 1022 1950 φερόμενοι
1046 1860 1165 1951 ἀστρα-

146 1966 215 2054 πὴν
238 1965 352 2047 αὐτοῖς
375 1965 518 2054 μηνύειν
544 1969 580 2035 ἐκ
606 1970 675 2035 τῶν
698 1966 882 2056 ἀριστερῶν
905 1987 1012 2055 φασιν
1035 1966 1098 2052 τῶν
1123 1967 1164 2038 οὐ

18 2082 21 2087 ’
107 2072 342 2161 3χενομένην.
390 2079 424 2142 οί
450 2073 488 2142 δὲ
515 2073 576 2142 τὸν
605 2077 641 2143 ἐκ
662 2078 720 2161 τῆς
742 2078 861 2162 φωνῆς
891 2061 1018 2144 οίωνδν
1041 2075 1164 2162 λαβόν-
1206 2111 1222 2120 -

145 2206 199 2260 τες
217 2178 417 2267 ἀπέρχονται
440 2178 498 2261 τδις
521 2179 624 2269 ἀρχὰς
641 2180 918 2270 παραληψόμενοι
941 2185 976 2251 σί
992 2181 1056 2269 μὲν
1078 2180 1163 2253 αὐτὸ
1205 2216 1222 2233 ⁴

145 2286 245 2356 τοῦθ’
272 2287 391 2356 ίκανὸν
416 2285 712 2376 ὑπολαμβάνοντες
738 2286 827 2357 εἶναι
855 2288 893 2358 τὸ
916 2290 1047 2376 μηδένα
1070 2293 1222 2377 γενέ-σ-

105 2426 132 2466 ιο
147 2404 229 2463 σθαι
251 2399 320 2464 τῶν
348 2395 618 2482 ἐναντιουμένων
646 2419 681 2463 τε
709 2396 766 2463 καὶ
787 2395 991 2464 κωλυόντων
1015 2401 1222 2485 οἰωνῶν,

147 2506 182 2570 οί
203 2502 240 2570 δὲ
263 2503 319 2570 καί
341 2500 431 2592 παρῶ
453 2500 492 2571 τὸ
511 2501 666 2590 βούλημα
684 2506 745 2571 τοῦ
766 2506 853 2571 θεοῦ
870 2501 1073 2590 κωλύοντος,
1095 2510 1222 2575 ἔστε

104 2710 166 2801 4η
189 2713 428 2802 λαμβάνοντες.
475 2713 519 2784 δι’
551 2711 610 2795 οὓς
636 2715 758 2784 πολλαὶ
785 2715 847 2803 μὲν
875 2717 912 2784 ἐν
930 2721 984 2806 ’γη
1008 2710 1222 2808 στρατιαῖ

216 2985 232 3034 3
250 2978 486 3053 παραλαμβάνειν
505 2998 528 3035 ο.
543 2981 645 3037 Reiske
718 2989 735 3036 4
754 2942 933 3038 ἕπιθεσπίσεηι
950 2983 974 3037 Β
991 2987 1120 3056 θεσπίση
1138 2984 1206 3042 Δ

145 3058 160 3106 ⁷
178 3051 229 3121 τῆς
246 3050 356 3114 πόλεως
374 3052 595 3125 βασιλευομένης
612 3054 636 3106 Β
703 3059 734 3108 11
754 3054 804 3122 τῆς
823 3050 903 3116 ὁσίας
920 3049 1026 3124 ταύτης
1046 3055 1069 3111 Ο
1091 3071 1198 3114 corr.

144 3122 303 3192 Stephanus
326 3123 377 3191 τῆς
401 3119 480 3185 ὁσίας
498 3119 527 3193 χ’
547 3120 637 3194 αὐτῆς
656 3123 835 3180 Οοευυὸουοε
908 3131 942 3180 14
960 3146 1040 3190 τινας
1059 3131 1091 3183 et
1109 3147 1191 3197 φε-

143 3193 280 3265 ρομένους
298 3210 321 3249 ο.
340 3193 484 3265 Kiessling
501 3194 546 3249 Pr.
561 3196 624 3252 Bas.
639 3216 666 3266 p.
682 3203 705 3253 6.
762 3199 796 3250 15
815 3196 926 3266 μισθῶν
945 3196 991 3251 Ba
1048 3205 1081 3254 16
1100 3194 1183 3254 ε’πι-

143 3266 292 3336 σημαίνειυ
315 3266 362 3321 vel
383 3266 441 3321 mle
466 3266 533 3335 quid
557 3285 630 3337 susp.
649 3267 792 3337 Kiessling
815 3269 963 3337 σημαίνειν
983 3264 1074 3324 Cobet
1093 3271 1174 3326 obs,

141 3356 170 3407 μ.
188 3343 222 3392 41
244 3342 249 3407 Ι
270 3355 358 3423 φασιν
382 3330 415 3392 εἰι
437 3338 494 3392 τῶν
517 3333 544 3392 ά.
570 3338 765 3407 OpraetetB
844 3343 876 3392 18
895 3332 948 3401 τάς
969 3333 1060 3424 ἀρχὰς
1079 3341 1137 3396 ΑΒ
1158 3335 1169 3408 Ι

141 3412 365 3500 περιληψοχιενοι
389 3410 415 3464 A
501 3414 533 3463 21
561 3406 636 3464 ἔστιν
659 3402 706 3463 ὅτε
730 3408 833 3465 ΒείοΙιο
920 3415 953 3464 22
982 3408 1163 3479 αρπάζοντεο

144 3481 251 3550 μᾶλλον
274 3475 381 3550 ηΒῶ.
401 3475 418 3549 ἢ
438 3500 465 3551 μ.
484 3480 510 3534 A
582 3484 617 3534 23
636 3474 676 3534 δι’
697 3473 747 3544 οὓς
765 3480 817 3534 ΑΒ

158 3674 218 3685 Α
