2454 3916
520 237 685 290 -Β-
1041 237 1106 304 247

94 400 182 485 θεῷ·
215 394 451 483 διαιρούμενοί
472 421 509 464 τε
537 399 613 485 διχῇ
640 395 681 464 τά
709 393 782 486 ἱερὰ
811 398 867 466 καὶ
894 396 935 466 τὰ
962 397 1024 486 μὲν
1052 396 1111 467 αύ-
1189 428 1191 432 ”

95 507 165 571 τῶν
196 499 294 570 κοινά
325 506 502 582 ποιοῦντες
532 504 588 570 καί
619 503 788 589 πολιτικά,
819 503 860 572 τά
889 503 927 572 δέ
958 508 1028 573 ίδια
1054 505 1111 572 καί

96 608 294 695 συγγενικά,
327 606 372 676 δι’
403 607 504 696 ἀμφω
535 609 640 678 ταύτά
674 628 757 697 φασι
793 608 921 697 πολλὴν
958 607 1110 697 ἀνάγκην

96 714 186 785 εἶναι
208 721 253 808 τῷ
273 714 430 808 Ῥωμύλῳ
453 715 579 802 ταύτην
598 717 710 803 σέβειν
733 714 795 804 τὴν
813 715 909 785 θεόν.
951 715 1028 785 ούτε
1046 714 1110 805 γὰρ
1129 722 1150 786 2

95 821 361 911 ἀναγκαιότερον
398 821 596 911 ἀνθρώποις
632 820 735 891 οὐδέν
776 820 864 892 εἶναι
899 827 959 911 τῆς
993 827 1137 912 κοινῇςε

96 930 208 1009 ἑστίας
230 928 307 1005 ούτε
328 933 374 1022 τῷ
390 926 547 1020 Ῥωμύλῳ
570 926 653 998 κατὰ
678 929 841 1018 διαδοχὴν
863 931 986 1017 γένους
1009 929 1111 1000 οὐδέν

96 1036 302 1124 οἰκειότερον
333 1035 513 1124 προγόνων
545 1034 607 1124 μὲν
638 1034 823 1126 ὑπάρχοντι
853 1041 923 1106 τῶν
951 1040 985 1120 ἐξ
1009 1035 1139 1109 Ἰλίου

93 1141 137 1211 τὰ
158 1147 218 1229 τῆς
239 1147 323 1223 θεᾶς
345 1141 419 1231 ίερὰ
442 1146 750 1230 μετενεγκαμένων,
772 1142 897 1233 μητρὸς
920 1145 959 1214 δὲ
982 1149 1112 1231 ίερείας.

95 1251 224 1319 ἐοίκασι
253 1248 283 1318 δ’
311 1253 346 1317 οί
372 1249 429 1317 διά
455 1254 559 1318 ταῦτα
585 1247 647 1337 τὴν
675 1254 813 1339 ἵδρυσιν
835 1255 897 1320 τοῦ
921 1254 1015 1339 ίερού
1033 1249 1111 1319 Ῥω·
1192 1258 1196 1263 ’

93 1355 190 1445 μύλῳ
223 1359 352 1443 μᾶλλον
383 1355 600 1437 ἀνατιθέντες
631 1353 652 1444 ἣ
681 1356 797 1446 Νόμα,
828 1354 866 1425 τὸ
899 1355 960 1445 μὲν
991 1356 1110 1427 κοινὸν
1126 1390 1155 1429 ιο-

95 1460 212 1550 ὀρθῶς
234 1465 359 1548 λέγειν,
383 1460 435 1530 ὅτι
458 1461 586 1542 πόλεως
609 1466 817 1550 οἰκιζομένης
839 1463 952 1532 ἑστίαν
975 1466 1110 1552 πρῶτον

96 1574 165 1639 ἔδει
198 1571 384 1656 ἱδρυθῆναι
415 1571 471 1638 καὶ
502 1574 606 1639 ταῦτα
633 1566 690 1638 ὑπ’
721 1567 847 1659 ἀνδρὸς
877 1568 939 1639 ούκ
968 1568 1110 1657 ἀπείρου

94 1680 154 1764 τῆς
175 1677 252 1764 περὶ
273 1674 315 1744 τά
336 1685 416 1744 θεία
444 1681 581 1764 σοφίας,
607 1673 648 1745 τδι
672 1676 710 1745 δέ
736 1674 824 1745 κατά
847 1679 947 1765 μέρος
969 1674 1053 1764 ύπέρ
1076 1702 1111 1744 τε

89 1787 155 1870 τῆς
176 1787 380 1869 κατασκευῆς
406 1787 467 1851 τού
495 1787 560 1851 νύν
588 1781 688 1863 ὄντος
714 1787 807 1872 ίερού
837 1784 986 1852 καὶτῶν
1008 1792 1111 1870 θερα

94 1893 273 1958 πευουσῶν
309 1886 371 1976 τὴν
411 1886 497 1958 θεὸν
537 1893 721 1975 παρθένων
762 1889 975 1978 ἠγνοηκέναι.
1035 1868 1152 1997 ούτε35

94 1994 159 2083 γὰρ
182 1993 220 2064 τὸ
244 2000 373 2124 χωρίον
393 1999 492 2064 τοῦτο
522 1985 609 2063 έν
582 2023 608 2086 φ
639 1993 677 2064 τὸ
702 1993 795 2084 ἱερὸν
819 1994 1020 2083 φυλάττεται
1042 2001 1110 2085 πῦρ

89 2099 259 2189 Ρωμύλος
286 2093 330 2188 ἦν
359 2099 377 2170 ὁ
405 2100 616 2190 καθιερώσας
642 2106 682 2192 τῇ
709 2106 780 2194 θεῷ
806 2104 904 2191 (μέγα
927 2103 966 2172 δέ
987 2103 1112 2172 τούτουΙ

93 2207 331 2298 τεκμήριον”
311 2236 364 2278 οτι
402 2213 461 2295 τῆς
496 2208 709 2298 τετραγώνου
744 2211 955 2297 καλουμένης
984 2207 1113 2297 Ροίμης

32 2312 143 2402 στσῆν
174 2319 301 2396 ἐντείνας
327 2311 486 2402 έτείχισεν
518 2314 611 2395 έκτός
643 2317 749 2401 ἐστιν,
782 2317 892 2394 ἑστίας
925 2314 963 2383 δέ
994 2320 1112 2402 κοινῆς

96 2421 190 2510 ἱερὸν
213 2423 251 2490 έν
273 2425 320 2513 τῷ
344 2428 508 2512 κρατίστῳ
532 2420 675 2508 μάλιστα
696 2420 943 2509 καθιδρύονται
970 2424 1029 2508 τῆς
1049 2420 1110 2490 πό·
1125 2452 1151 2492 εο

94 2538 179 2609 λειος
205 2525 364 2613 ἅπαντες,
393 2530 454 2610 ἔξω
483 2527 521 2595 δέ
547 2530 610 2595 τού
636 2532 767 2615 τείχους
795 2524 920 2618 ούδείς)
949 2525 1026 2596 ούτε
1054 2525 1112 2596 διά

94 2637 280 2723 παρθένων
311 2632 370 2713 τὰς
403 2639 586 2719 θεραπείας
623 2620 845 2721 κατεστήσατο
877 2637 917 2723 τῇ
953 2637 1024 2726 θεῷ
1056 2661 1112 2722 με-

95 2743 266 2829 μνημένος
298 2737 343 2820 ὡς
374 2741 448 2829 ἐμοὶ
481 2744 576 2809 δοκεῖ
604 2744 664 2810 τού
696 2742 772 2829 περὶ
803 2737 865 2828 τὴν
896 2744 1021 2830 μητέρα
1050 2741 1112 2810 πά-

94 2857 199 2933 θους,
226 2839 247 2937 ᾖ
275 2850 401 2935 συνέβη
428 2847 665 2936 θεραπευούσῃ
692 2844 754 2934 τὴν
782 2844 868 2916 θεὸν
895 2847 959 2934 τὴν
985 2858 1112 2939 παρθε·

95 2960 176 3023 νίαν
204 2952 403 3040 ἀποβαλεῖν,
438 2951 483 3034 ὡς
511 2952 573 3041 ούχ
601 2953 717 3034 ίκανὸς
744 2953 919 3042 ἐσόμενος,
951 2954 1011 3024 έάν
1034 2982 1111 3024 τινα
1125 2984 1152 3026 τε

95 3065 165 3130 τῶν
192 3059 380 3147 θυηπόλων
412 3058 495 3150 εύρη
528 3063 800 3151 διεφθαρμένην,
827 3059 910 3130 κατὰ
940 3061 1020 3141 τοὺς
1051 3088 1112 3131 πα-

95 3172 212 3257 τρίους
243 3167 500 3257 τιμωρήσασθαι
532 3167 660 3256 νόμους
693 3164 749 3236 διὰ
780 3167 843 3255 τὴν
875 3168 928 3236 ἐπὶ
959 3181 1033 3248 ταῖς
1063 3172 1111 3236 οί-
1210 3213 1214 3240 1

95 3279 202 3354 κείαις
229 3287 420 3361 συμφοραῖς
441 3271 643 3362 ἀνάμνησιν.
683 3274 740 3342 διὰ
761 3278 865 3343 ταῦτα
889 3271 950 3361 μέν
975 3270 1017 3359 δὴ
1041 3278 1151 3342 και-4

171 3510 187 3559 2
207 3481 267 3559 ίδιά
286 3522 339 3560 om.
358 3505 384 3560 A
456 3509 490 3560 25
508 3500 546 3568 ὡς
563 3505 587 3558 Β
605 3521 660 3562 om.
678 3505 704 3559 R
