2454 3916
517 229 682 280 ..Γ-

94 388 223 474 έφοδον
255 382 320 453 ύπδ
355 388 455 473 (τῆς)
482 383 666 473 Ῥωμαϊκῆς
697 389 801 455 ’ίππου
834 388 1107 473 καταπλαγέντες,

94 489 168 560 ἀλλ’
195 489 349 580 ἀντεῖχον
377 491 454 581 ῦχρι
481 495 617 560 πολλοῦ.
664 496 775 560 ἔπειτα
798 491 966 580 μαθόντες
995 490 1107 561 ὅτιτὸ

94 596 274 685 εύοόνυμον
302 602 399 686 σφῶν
427 597 562 686 ἥττηται
589 598 645 666 καλ
672 603 763 667 πᾶσα
791 599 812 687 ἡ
846 603 1043 687 Φιδηναίων
1072 624 1108 668 τε

93 707 150 774 καὶ
173 709 241 773 τῶν
264 704 376 773 ἄλλων
400 705 583 793 συμμάχων
612 703 749 794 στρατιὰ
776 705 894 794 φεύγει
920 705 1108 795 προτροπύ·

38 815 178 899 486δην,
204 816 374 892 δείσαντες
397 811 441 900 μὴ
459 816 684 881 κυκλωθῶσιν
706 810 772 880 ὑπὸ
790 816 858 881 τῶν
876 811 1134 902 ἀναστραφένε

93 945 163 988 των
191 921 227 987 έκ
253 922 314 987 τοῦ
344 923 495 1007 διωγμοῦ
526 921 704 1008 τρέπονται
735 920 791 987 καὶ
818 917 915 988 αύτολ
947 917 1109 1000 λύσαντες

93 1023 154 1105 τδις
174 1025 283 1106 τάξεις
303 1027 359 1093 καὶ
383 1023 440 1093 διδι
461 1029 523 1094 τοῦ
545 1029 697 1114 ποταμοῦ
722 1024 839 1108 σώζειν
861 1024 1001 1106 ἑαυτούς
1024 1027 1108 1094 ἐπει-

95 1136 214 1217 ρῶντο.
260 1129 335 1200 ὅσοι
359 1131 421 1219 μὲν
441 1123 504 1200 οῦν
527 1134 813 1219 ἐρρωμενέστατοί
831 1159 867 1201 τε
890 1131 1002 1202 αὐτῶν
1020 1126 1149 1220 ἦσαν4

93 1239 151 1307 καλ
171 1236 291 1325 ἥκιστα
313 1236 379 1307 ὑπὸ
402 1238 603 1328 τραυμάτων
625 1238 854 1328 βαρυνόμενοι
882 1255 956 1309 νεῖν
983 1266 1019 1309 τε
1047 1237 1109 1308 ούκ

94 1343 258 1414 ἀδύνατοι
282 1347 358 1431 δίχα
380 1347 449 1412 νῦν
473 1341 586 1412 ὅπλων
614 1343 653 1412 τὸ
677 1347 819 1433 ῥεῖθρον
843 1349 1107 1434 διεπεραιοῦντο,
1123 1376 1147 1415 ιο

95 1449 172 1519 ὅσοι
201 1450 238 1519 δὲ
264 1449 395 1520 τούτων
421 1449 514 1530 τινὸς
546 1452 702 1519 ἐνέλιπον
728 1453 765 1520 έν
796 1465 869 1532 ταῖς
897 1455 1008 1530 δίναις
1033 1449 1109 1520 ἀπέ-

93 1567 263 1644 θνησκον·
296 1554 356 1638 ὀξὺ
383 1556 447 1647 γὰρ
475 1561 538 1626 τοῦ
568 1559 723 1644 Τεβέριος
753 1559 829 1648 περὶ
860 1558 922 1647 τὴν
953 1559 1109 1645 Φιδήνην

94 1665 151 1732 καὶ
174 1663 312 1733 σκολιὸν
334 1662 371 1733 τὸ
396 1666 511 1751 ῥεῦμα.
557 1661 575 1732 ὁ
601 1663 639 1731 δέ
666 1663 793 1745 Τύλλος
820 1670 922 1754 μοίρᾳ
948 1666 1017 1732 τινὶ
1039 1667 1149 1734 τοῦνὸ

95 1772 223 1840 ίππέων
249 1762 407 1850 κελεύσας
433 1768 513 1849 τοὺς
540 1770 594 1838 έπλ
620 1768 680 1839 τὸν
707 1769 859 1860 ποταμὸν
890 1768 1111 1858 ὠθουμένους

93 1881 249 1964 κτείνειν,
273 1873 374 1956 αύτδς
396 1876 450 1945 ἐπὶ
476 1873 514 1944 τὸ
538 1875 767 1964 στρατόπεδον
794 1880 863 1946 των
892 1876 1109 1947 Οὐιεντανῶν
1124 1907 1149 1948 15

93 1982 157 2070 τὴν
184 1982 291 2070 ἄλλην
322 1981 471 2069 δύναμιν
498 1980 593 2068 ῦγων
620 1984 654 2063 έξ
682 1982 811 2070 ἐφόδου
837 1988 965 2070 γίνεται
993 1982 1111 2073 κύριος

95 2086 214 2158 αύτοῦ·
250 2091 307 2158 καλ
337 2087 379 2157 τδι
412 2088 474 2176 μὲν
502 2084 675 2176 Ῥωμαίων
709 2089 885 2177 πράγματα
916 2089 1111 2180 παραδόξου

93 2196 241 2284 τυχόντα
263 2201 429 2285 σωτηρίας
451 2198 489 2265 έν
511 2194 645 2276 τούτοις
667 2187 720 2282 ἦν.

185 2305 304 2372 XXVI.
335 2299 370 2369 ‘0
398 2301 436 2369 δέ
455 2299 616 2390 Ἀλβανὸς
643 2302 757 2389 ἐπειδὴ
786 2306 944 2391 λαμπρῶς
971 2301 1036 2390 ἤδη
1059 2330 1110 2371 νι-

94 2414 225 2490 κῶντας
251 2407 415 2478 έθεοίσατο
445 2407 524 2489 τοὺς
551 2407 637 2496 ἀμφὶ
664 2406 725 2477 τὸν
757 2408 904 2495 Ῥύλλον,
931 2409 1110 2497 καταβιβύ-
1123 2438 1150 2478 ω

96 2536 158 2596 σας
179 2516 234 2584 καὶ
258 2512 358 2595 αύτδς
380 2512 445 2582 ἀπὸ
469 2519 538 2583 τῶν
560 2512 701 2601 ύψηλῦν
724 2514 788 2602 τὴν
812 2519 939 2584 οίκείαν
962 2515 1109 2602 δύναμιν

96 2623 150 2692 έπὶ
177 2620 257 2702 τοῦς
284 2620 472 2709 φεύγοντας
498 2625 566 2689 τῶν
598 2624 795 2708 Φιδηναίων
823 2620 955 2711 έχύρει,
984 2624 1041 2690 ἵνα
1067 2622 1110 2710 δὴ

94 2743 167 2810 τοῖς
188 2725 364 2817 Ῥωμαίοις
391 2729 523 2813 γένοιτο
546 2731 628 2795 πᾶσι
651 2725 799 2817 φανερὸς
821 2732 922 2817 ἔργον
947 2753 979 2796 τι
1001 2733 1110 2798 ποιοῦν

38 2835 279 2923 487συμμάχου
291 2835 347 2902 καὶ
363 2830 509 2920 συχνούς
522 2836 591 2903 τῶν
606 2836 895 2922 διεσκεδασμένων
910 2836 947 2904 ἐν
963 2839 1003 2925 τῇ
1018 2827 1110 2925 φυγῇ

96 2944 280 3032 διέφθειρε.
313 2940 428 3019 συνεὶς
447 2939 485 3007 δέ
507 2938 569 3027 τὴν
589 2940 746 3009 διάνοιαν
766 2937 871 3010 αύτοῦ
893 2943 949 3009 καλ
968 2917 1150 3045 μισήσαςὲ5

94 3049 158 3140 την
180 3048 472 3136 παλινπροδοσίαν
495 3043 513 3114 ὁ
536 3046 665 3128 Τύλλος
692 3046 794 3117 ούδὲν
823 3049 1004 3136 έξελέηχειν
1027 3046 1110 3141 ᾤετο

171 3217 186 3265 1
209 3205 265 3264 ῦπδ
290 3207 344 3263 del.
368 3206 472 3263 Reiske
491 3209 497 3277 Ι
516 3208 566 3276 τῆς
588 3207 652 3262 αδδ.
676 3208 793 3265 Ηιιδεου
874 3213 890 3262 6
914 3202 1111 3277 ἀναστραφέν-

95 3304 152 3339 των
167 3283 190 3337 Β
208 3274 485 3347 ἆναοτρεφόντωνΒ
540 3274 680 3344 ’ίσύιζειν
694 3282 720 3334 Δ
773 3284 808 3334 10
822 3277 1110 3352 <διεπεραιοῦντο>Β

96 3350 331 3420 διακερῶντεςλ
401 3355 432 3403 11
453 3343 534 3405 ὅσοι.
554 3348 577 3404 Β
597 3343 675 3413 ὅσοις
693 3351 718 3405 Β
734 3353 739 3419 Ι
754 3369 829 3413 τινες
843 3350 918 3404 ΒαΒ
982 3355 1014 3403 12
1033 3347 1111 3419 τεβέ-

96 3446 157 3497 ριος
170 3426 194 3479 Β
207 3421 363 3496 τιβέριοςΒ
379 3423 383 3491 Ι
398 3419 464 3488 περὶ
481 3420 528 3490 τῆι
547 3419 670 3490 φειδήνη
683 3422 733 3476 κοιλ
747 3416 858 3477 σκολιόν
872 3419 895 3474 Β
950 3426 985 3476 23
999 3417 1111 3489 γένοιτό

96 3498 166 3553 πᾶσι
184 3496 208 3550 Β
226 3494 296 3548 πᾶσι
315 3490 426 3561 γίνοιτο
444 3491 470 3546 Β
486 3492 491 3560 Ι
507 3493 638 3563 φανερῶς
656 3495 681 3547 Δ
758 3498 793 3548 26
812 3487 827 3547 ὁ
847 3491 946 3547 om.A
