2454 3916
556 205 723 257 -Γ-

133 367 343 452 δημηγορίαν
363 361 445 456 Ιτούς
472 361 600 450 νόμους
625 360 849 451 παρεχόμενοι
876 360 956 441 τούς
984 358 1047 429 ούκ
1070 363 1156 431 έῶν-

131 497 190 550 τας
222 468 370 556 ἀκριτον
394 468 604 539 ἀποκτείνειν
638 467 767 538 οὐθένα
799 469 855 536 καλ
886 465 927 538 τά
957 465 1049 557 παρά
1082 473 1156 537 τῶν

132 581 225 645 θεῶν
249 574 407 646 ἁπάντων
431 582 599 665 μηνίματα
622 591 694 656 ταῖς
724 574 768 663 μὴ
792 575 1011 658 κολαζούσαις
1032 574 1150 645 πόλεσι

92 681 212 763 4τοὺς
235 685 364 770 ἐναγεῖς
388 683 576 765 διεξιόντες.
622 680 640 751 ὁ
666 682 704 750 δὲ
725 681 833 772 πατὴρ
857 681 1051 770 ἀπελογεῖτο
1076 683 1151 770 περὶ

106 795 194 859 5τού
218 796 394 877 μειρακίου
416 794 614 878 κατηγορῶν
638 794 696 876 τῆς
714 788 886 876 θυγατρὸς
907 791 963 858 καλ
985 796 1150 879 τιμωρίαν

134 895 175 965 ού
201 896 311 984 φόνον
335 895 423 964 εἶναι
445 895 483 966 τὸ
502 895 655 983 πραχθὲν
678 899 786 983 λέγων
806 897 968 984 δικαστήν
986 923 1022 965 τε
1045 894 1151 965 αύτδν

134 1001 237 1084 ἀξιῶν
265 1000 352 1070 είναι
380 1006 449 1071 τῶν
478 1005 576 1070 ίδίων
603 1006 715 1070 κακῶν
738 1000 939 1092 ἀμφοτέρων
963 1001 1150 1090 γενόμενον

133 1111 268 1194 πατέρα.
318 1113 453 1195 συχνῶν
487 1108 525 1176 δὲ
552 1108 664 1196 λόγων
693 1111 871 1197 ῥηθέντων
899 1107 959 1196 ὑφ’
986 1111 1150 1196 ἑκατέρων

38 1211 40 1214 ’
133 1213 240 1300 πολλὴ
268 1211 328 1283 τὸν
356 1217 495 1301 βασιλέα
524 1229 674 1302 κατεῖχεν
702 1214 885 1304 ἀμηχανία,
913 1223 949 1286 τί
967 1219 1059 1295 τέλος
1083 1217 1152 1296 ἐξε-

95 1288 237 1416 ξζνέγκη
265 1322 341 1410 περὶ
367 1325 427 1408 τῆς
455 1326 559 1408 δίκης.
609 1320 686 1391 ούτε
713 1322 777 1412 γὰρ
805 1321 972 1392 ἀπολῦσαι
999 1326 1057 1392 τού
1087 1323 1152 1409 φό-

134 1453 199 1496 νου
226 1425 286 1496 τδν
315 1425 559 1515 ὁμολογοῦντα·
580 1426 642 1515 τὴν
672 1427 824 1516 ἀδελφὴν
852 1427 1055 1519 ἀνηρηκέναι
1083 1427 1151 1515 πρὸ

136 1538 231 1620 δίκης
257 1535 313 1602 καὶ
340 1538 445 1604 ταῦτα
473 1533 526 1622 ἐφ’
553 1530 604 1614 οἷς
634 1533 676 1603 ού
699 1534 917 1623 συνεχώρουν
940 1535 1153 1605 ἀποκτείνειν

136 1641 171 1709 oc
201 1639 303 1728 νόμοι
344 1645 454 1721 καλῶς
495 1646 583 1728 ἔχειν
625 1639 880 1731 ὑπελάμβανεν,
917 1647 974 1712 ἵνα
1003 1642 1048 1730 μὴ
1086 1642 1205 1732 τὴνῖῖε

136 1746 223 1837 ἀρὰν
241 1746 363 1819 καὶτὸ
387 1747 469 1835 ἀγος
496 1745 562 1816 ἀπὸ
590 1752 652 1817 τού
677 1749 879 1838 δεδρακότος
906 1755 953 1831 είς
975 1748 1033 1819 τὸν
1057 1755 1153 1820 ῖδιον

97 1875 121 1914 1⁵
138 1852 233 1922 οίκον
270 1856 511 1941 εἰσενέγκηται,
550 1853 626 1924 ούτε
663 1853 708 1935 ῶς
743 1854 964 1945 ἀνδροφόνον
998 1854 1154 1927 ἀποκτεῖ-

136 1988 194 2029 ναι
225 1959 285 2030 τὸν
317 1958 401 2051 ύπδρ
433 1967 493 2050 τῆς
523 1966 685 2052 πατρίδος
717 1961 879 2050 ἑλόμενον
907 1968 1155 2051 προκινδυνεύ-

137 2088 193 2137 σαι
222 2069 278 2136 καλ
305 2067 469 2155 τοσαύτης
495 2066 579 2157 αὐτῇ
607 2073 806 2149 δυναστείας
831 2069 1016 2158 γενόμενον
1039 2079 1153 2139 αἴτιον

137 2173 248 2255 ἀλλως
275 2202 311 2245 τε
337 2177 393 2244 καλ
419 2180 480 2245 τού
507 2175 632 2262 πατρὸς
659 2173 868 2256 ἀπολύοντος
893 2175 995 2246 αύτδν
1018 2181 1079 2265 τῆς
1101 2183 1154 2246 αί-

136 2288 223 2368 τίσις,
251 2273 278 2374 ᾦ
306 2280 369 2369 τὴν
400 2283 476 2369 περὶ
507 2287 566 2368 τῆς
597 2280 769 2372 θυγατρὸς
801 2282 906 2373 ὀργὴν
933 2282 955 2370 η’
981 2310 1017 2353 τε
1048 2284 1157 2372 φύσις

94 2371 300 2500 ξοάπεδίδου
331 2389 451 2481 πρῶτω
483 2389 539 2456 καλ
572 2385 590 2456 ὁ
622 2388 736 2476 νόμος.
791 2388 1021 2478 ἀπορούμενος
1054 2391 1093 2459 δὲ
1120 2398 1160 2461 τί

136 2496 293 2587 χρήσεται
328 2511 400 2576 τοῖς
435 2495 606 2585 πράγμασι
642 2500 806 2566 τελευτῶν
846 2496 1024 2584 κράτιστον
1062 2495 1155 2568 εἶναι

138 2607 260 2691 διέγνω
282 2607 328 2696 τῶ
353 2601 448 2694 δήμω
470 2600 533 2689 τὴν
561 2602 748 2689 διάγνωσιν
776 2605 970 2692 ἐπιτρέπειν.
1015 2605 1156 2692 γενόμε-

136 2739 197 2792 νος
216 2711 254 2780 δὲ
271 2709 523 2799 θανατηφόρου
537 2715 677 2799 κρίσεως
694 2709 769 2779 τότε
787 2715 921 2799 πρῶτον
945 2708 962 2780 ὁ
977 2708 1157 2797 Ῥωμαίων

138 2823 245 2906 δῆμος
275 2816 392 2906 κύριος
423 2820 464 2906 τῇ
491 2815 609 2907 γνῶμη
636 2820 698 2886 τού
729 2819 855 2901 πατρὸς
884 2819 1071 2906 προσέθετο
1096 2819 1157 2887 καὶ

98 2947 125 2990 ει
139 2923 279 2994 ἀπολύει
301 2927 363 2993 τού
381 2924 494 3012 φόνου
516 2927 577 2993 τὸν
600 2922 724 3013 ἀνδρα·
748 2921 790 2992 ού
808 2926 874 3011 μὴν
898 2922 973 3010 ὅγε
995 2913 1157 3010 βασιλεὺς

139 3030 291 3120 ἀποχρῆν
315 3035 405 3116 ἔλεγε
432 3043 503 3110 τοῖς
529 3031 751 3117 βουλομένοις
776 3032 817 3099 τὰ
839 3050 924 3120 προς
946 3033 1026 3110 τοὺς
1047 3035 1158 3113 θεούς

210 3259 412 3332 λέπελογεῖτο
435 3261 482 3316 Ba
563 3265 596 3315 12
621 3255 654 3316 ού
680 3279 734 3317 om.
758 3264 783 3316 A
864 3266 898 3316 14
920 3255 979 3316 ἀπδ
1003 3261 1026 3316 Β
1050 3279 1105 3317 om.
1128 3264 1157 3318 R

141 3342 174 3393 15
195 3335 397 3404 είςενεγιιεῑται
414 3332 459 3387 Ba
522 3337 555 3386 17
574 3327 647 3404 αύτῇ
666 3333 689 3388 Β
708 3327 785 3406 αύτῷ
804 3333 830 3386 Β,
888 3338 921 3387 21
941 3328 1156 3458 χρήσρρ>ταιΒ

140 3415 174 3464 22
195 3406 297 3476 διέγνω
313 3401 461 3472 κράτιστον
476 3399 551 3458 εἶναι
564 3404 587 3457 Β
607 3401 679 3472 έγνω
694 3421 716 3458 ο.
732 3404 882 3473 Κὶεεελίος,
897 3402 985 3459 Cobet
1000 3404 1022 3460 Ο
1044 3421 1065 3458 ε.
1079 3423 1108 3476 p.
1118 3411 1155 3460 65

141 3487 175 3536 26
195 3474 356 3547 ἀποχρῆναι
373 3476 399 3531 Α
415 3478 419 3546 Ι
436 3473 513 3544 ἔλεγε
532 3474 579 3529 Bb
599 3471 681 3548 ἔλαβε
701 3475 746 3530 Ba.
763 3469 890 3545 ἀπέλαβε
908 3473 934 3528 A
