2454 3916
502 233 665 285 ..Β-

28 385 183 461 ισστάλλα
210 389 320 480 ῶσπερ
350 390 600 481 ἀργυρωνήτοις
628 389 893 479 παραχρώμενοι.
944 389 1088 460 ἐκάλουν

74 499 112 566 δὲ
128 497 304 587 Ἀθηναῖοι
324 499 386 588 μὲν
404 504 512 587 θῆτας
530 497 609 578 τοὺς
622 496 764 578 πελάτας
780 498 833 565 ἐπὶ
851 501 909 585 τής
923 499 1087 584 λατρείας,

28 607 238 675 ισσθετταλοὶ
269 606 307 675 δὲ
331 608 490 686 πενέστας
522 603 742 686 ὀνειδίζοντες
773 601 888 683 αὐτοῖς
918 601 1023 684 εὐθὺς
1051 605 1088 672 ἐν

72 716 113 801 τῇ
136 712 252 800 κλήσει
273 711 335 800 τήν
357 712 471 801 τύχην.
508 710 526 781 ὁ
550 712 588 780 δὲ
600 710 769 799 Ῥωμύλος
786 711 955 799 ἐπικλήσει
974 737 1010 778 τε
1033 708 1085 778 εό-
1105 713 1126 778 3

71 834 193 906 πρεπεί
221 819 259 890 τὸ
297 824 433 909 πρᾶγμα
470 819 632 908 ἐκόσμησε
668 823 880 907 πατρωνείαν
918 816 1087 905 ὀνομάσας
1115 843 1128 885 ι

71 924 135 1012 τήν
162 929 232 994 τῶν
259 927 414 1014 πενήτων
440 927 497 994 καὶ
523 930 691 995 ταπεινῶν
718 932 941 1013 προστασίαν,
968 922 1088 993 καὶτὰ

73 1037 156 1120 ἔργα
174 1032 300 1121 χρηστὰ
318 1035 530 1122 προσέθηκεν
549 1034 727 1119 Ιἑκατέροις,
745 1034 801 1100 καὶ
822 1031 1089 1120 φιλανθρώπους

72 1139 129 1207 καί
151 1137 323 1219 πολιτικάς
348 1138 675 1227 κατασκευαζόμενος
703 1137 814 1208 αὐτῶν
841 1138 900 1220 τάς
923 1143 1087 1226 συζυγίας,

123 1256 146 1286 >
162 1247 203 1312 X.
219 1237 283 1314 Ἦν
307 1246 345 1314 δέ
367 1244 407 1315 τά
429 1243 487 1314 ὑπ’
510 1247 642 1314 ἐκείνου
660 1245 734 1315 τότε
753 1243 937 1335 ὁρισθέντα
959 1246 1015 1313 καὶ
1034 1248 1088 1332 μέ-

73 1378 128 1440 χρι
151 1356 280 1434 πολλοῦ
302 1357 554 1440 παραμείναντα
577 1353 705 1441 χρόνου
726 1351 902 1441 Ῥωμαίοις
925 1357 988 1440 ἔθη
1011 1354 1088 1442 περὶ
1103 1378 1128 1417 ιο

73 1457 131 1538 τάς
153 1464 362 1547 πατρωνείας
384 1458 510 1527 τοιάδε·
533 1457 612 1539 τοὺς
630 1459 691 1546 μὲν
710 1464 905 1545 πατρικίους
928 1461 997 1525 ἔδει
1018 1472 1089 1539 τοίς

74 1565 205 1633 ἑαυτῶν
226 1563 383 1644 πελάταις
405 1566 598 1652 ἐξηγεῖσθαι
620 1563 661 1634 τά
685 1569 813 1651 δίκαια,
837 1557 885 1633 ῶν
910 1563 972 1633 οὐκ
996 1564 1087 1653 εἶχον

75 1673 197 1740 ἐκείνοι
224 1668 287 1758 τήν
315 1671 514 1759 ἐπιστήμην,
546 1671 725 1762 παρόντων
751 1698 787 1741 τε
815 1670 926 1740 αὐτῶν
956 1672 1012 1739 καὶ
1042 1671 1087 1759 μή

72 1775 254 1864 παρόντων
286 1775 346 1845 τὸν
384 1777 489 1847 αὐτὸν
530 1781 759 1866 ἐπιμελεῖσθαι
794 1778 921 1868 τρόπον
957 1776 1088 1847 άπαντα

73 1882 294 1972 πράττοντας,
317 1884 381 1954 ὅσα
403 1887 478 1975 περὶ
501 1891 633 1955 παίδων
655 1886 838 1975 πράττουσι
860 1888 1012 1974 πατέρες,
1040 1892 1088 1968 είς
1104 1919 1129 1958 15

74 1990 252 2078 χρημάτων
280 2019 315 2060 τε
341 1993 397 2060 καὶ
424 1997 493 2061 τῶν
520 1994 596 2078 περὶ
619 1991 769 2080 χρήματα
792 1999 1009 2080 συμβολαίων
1033 1994 1088 2064 λό-

74 2121 150 2184 γον·
184 2101 279 2177 δίκας
305 2124 341 2167 τε
367 2095 452 2185 ὑπὲρ
479 2102 547 2166 τῶν
575 2103 727 2167 πελατῶν
754 2097 988 2187 ἀδικουμένων
1011 2109 1088 2187 λαγ-

28 2205 213 2293 ῑηχάνειν,
236 2212 270 2272 εί
288 2230 339 2284 τις
356 2205 536 2291 βλάπτοιτο
559 2207 635 2293 περὶ
657 2204 698 2274 τά
717 2206 917 2293 συμβόλαια,
940 2207 995 2274 καὶ
1017 2222 1088 2288 τοῖς

75 2314 274 2398 ἐγκαλοῦσιν
297 2309 447 2398 ὑπέχειν·
471 2308 516 2390 ῶς
539 2312 577 2380 δέ
601 2311 698 2398 ὀλίγα
720 2312 796 2397 περὶ
813 2315 948 2379 πολλῶν
971 2311 1015 2380 άν
1037 2339 1088 2392 τις

75 2428 162 2487 είποι
193 2422 305 2487 πᾶσαν
340 2417 455 2499 αὐτοῖς
482 2419 621 2508 εἰρήνην
653 2423 722 2487 τῶν
749 2444 784 2487 τε
812 2422 910 2486 ίδίων
940 2419 995 2486 καλ
1018 2423 1087 2487 τῶν
1101 2448 1128 2488 20

74 2529 200 2594 κοινοῦν
232 2525 451 2613 πραγμάτων,
483 2518 522 2613 ής
558 2526 702 2613 μάλιστα
738 2526 890 2611 ἐδέοντο,
921 2529 1087 2613 παρέχειν.

74 2631 152 2712 τοὺς
180 2632 218 2700 δὲ
245 2631 387 2712 πελάτας
415 2636 481 2700 ἔδει
508 2645 578 2712 τοίς
606 2633 735 2701 ἑαυτῶν
757 2632 958 2721 προστάταις
979 2637 1126 2720 θυγα-2

74 2741 170 2826 τέρας
192 2764 227 2806 τε
251 2742 515 2807 συνεκδίδοσθαι
539 2740 763 2826 γαμουμένας,
787 2743 819 2806 εί
839 2744 1031 2821 σπανίζοιεν
1055 2745 1091 2810 oc

73 2848 212 2934 πατέρες
234 2845 424 2933 χρημάτων,
447 2846 503 2913 καὶ
526 2844 630 2933 λότρα
656 2844 878 2931 καταβάλλειν
905 2854 1087 2936 πολεμίοις,

74 2959 173 3032 εἴτις
197 2949 310 3021 αὐτῶν
331 2947 354 3038 ή
378 2954 509 3019 παίδων
533 2950 741 3038 αἰχμάλωτος
763 2954 910 3038 γένοιτο·
935 2954 1029 3036 δίκας
1050 2978 1086 3023 τε
1104 2990 1128 3031 25

147 3154 162 3201 1
181 3142 318 3217 γρῶμενω
339 3146 365 3200 Α
432 3151 448 3200 5
467 3148 630 3215 πατρωνίαν
644 3147 670 3200 A
737 3144 991 3219 8ἐργαζόμενοςΒ
1011 3147 1088 3274 ἐξερ-

77 3215 249 3310 γαζόμενοςλ
315 3224 348 3272 10
362 3213 465 3288 χρόνον
485 3233 539 3272 om
554 3218 580 3271 A
635 3223 667 3272 11
682 3237 796 3287 πατρων
798 3221 883 3284 ίαςΑ
898 3223 903 3290 Ι
918 3226 978 3283 τοῖς
996 3217 1030 3305 μξ
1032 3239 1048 3272 ν
1062 3221 1088 3272 Α

76 3296 176 3352 τοῖς..
193 3289 242 3345 ,Β
315 3295 348 3344 13
363 3288 412 3343 καὶ
431 3283 579 3355 παρόντων
598 3306 669 3344 τεο.
688 3291 791 3345 Reiske
865 3296 899 3345 15
917 3311 952 3346 πε
955 3290 993 3360 ρλ]
1013 3284 1086 3358 ὑπὲρ

77 3331 199 3417 sintenis'
221 3360 283 3414 Em,
306 3360 387 3415 Dion.
411 3361 501 3429 HIp
503 3367 577 3429 2,2,
603 3360 692 3416 Cobet
715 3361 822 3448 Obs.p
825 3368 884 3416 41
966 3366 998 3414 16
1021 3361 1087 3428 περὶ

78 3427 224 3502 χρημάτων
243 3432 264 3488 0
284 3433 314 3486 et
331 3431 460 3486 Meineke
476 3377 501 3498 ΙΡ
496 3399 545 3500 λόγ
547 3451 587 3485 ων
605 3433 631 3484 A
694 3438 727 3485 21
748 3427 785 3494 ὡς
803 3380 927 3501 μάλιστα
947 3425 1086 3486 ἐδύναντο

79 3517 100 3556 ο,
119 3503 259 3574 Kiessling
322 3509 356 3557 23
375 3451 557 3573 γαμουμένόίς
576 3502 631 3556 del.
649 3503 772 3558 Reudler
790 3503 882 3558 Τίτου
901 3521 929 3572 p
948 3506 981 3554 21
