2454 3916
528 231 690 284 ..B.„

101 390 156 457 καὶ
170 389 328 477 ψήφισμα
341 393 476 477 βουλῆς.
500 388 607 470 ούτως
625 388 774 478 εὐλαβῶς
791 389 813 479 ἡ
831 390 929 473 πόλις
948 398 1014 481 ἔχει
1031 392 1116 483 πρὸς

101 494 141 564 τὰ
164 493 227 565 ούκ
250 496 410 585 έπιχοόρια
434 503 498 584 έθη
521 499 598 586 περὶ
620 501 714 568 θεῶν
736 499 792 566 καί
814 497 924 568 πάντα
947 497 1115 570 ὀττεύεται

100 608 225 691 τύφου,
249 595 278 696 ᾧ
300 603 344 692 μὴ
366 604 520 695 πρόςεστι
542 603 580 675 τὸ
604 602 772 691 εὐπρεπές.

189 713 259 778 XX.
292 712 360 779 Καὶ
392 713 508 799 μηδεὶς
538 709 690 801 ὑπολάβῃ
724 739 763 799 με
795 710 934 800 ἀγνοεῖν
964 711 1015 782 ότι
1044 718 1113 783 τῶν

94 815 303 904 Ἑλληνικῶν
335 817 458 906 μύθων
495 823 564 888 είσί
595 845 685 900 τινες
717 817 916 906 ἀνθρώποις
945 819 1141 909 χρήσιμοι,ε

101 927 136 992 ολ
156 923 219 1011 μὲν
241 923 511 1011 ἐπιδεικνύμενοι
533 922 574 993 τά
600 930 660 1013 της
681 925 815 1012 φύσεως
838 931 918 1012 ἔργα
943 925 988 994 δι’
1014 925 1113 1015 ἀλλη-

99 1036 240 1119 γορίας,Ι
270 1034 306 1100 οί
339 1030 377 1099 δέ
408 1038 626 1120 παραμυθίοις
662 1035 759 1101 ἕνεκα
795 1038 1008 1121 συγκείμενοι
1043 1039 1113 1103 τῶν

99 1136 326 1224 ἀνθρωπείων
356 1143 558 1226 συμφορῶν,
587 1142 623 1208 ολ
644 1140 682 1208 δὲ
708 1138 854 1229 ταραχὰς
880 1141 1113 1229 ἐξαιρούμενοι

46 1248 213 1333 τιιψυχῆς
230 1247 286 1314 καί
306 1251 444 1334 δείματα
462 1248 517 1314 καὶ
537 1245 638 1328 δόξας
654 1252 901 1337 καθαιροῦντες
917 1247 979 1335 ούχ
996 1246 1113 1335 ὑγιεῖς,

100 1355 135 1421 οί
165 1348 197 1420 δ’
226 1351 331 1440 ἀλλης
365 1350 459 1433 τινὸς
495 1354 593 1421 ἕνεκα
628 1355 905 1440 συμπλασθέντες
942 1352 1112 1441 ἀφελείας.
1127 1388 1153 1428 ιο

99 1456 183 1527 ἀλλά
205 1463 323 1545 καίπερ
347 1458 567 1546 ἐπιστάμενος
588 1463 692 1528 ταῦτα
719 1457 863 1540 οὐδενὸς
884 1473 998 1549 χείρον
1022 1458 1151 1549 όμως2

99 1563 248 1652 εύλαβῶς
281 1565 449 1653 διάκειμαι
485 1563 569 1652 πρὸς
605 1563 727 1646 αύτούς
757 1567 813 1634 καί
848 1563 912 1654 τὴν
938 1564 1111 1655 Ῥωμαίων

98 1678 226 1760 μᾶλλον
256 1671 464 1760 ἀποδέχομαι
485 1660 684 1760 θεολογίαν,
715 1673 971 1761 ἐνθυμούμενος
996 1671 1048 1743 ότι
1070 1672 1111 1743 τά

98 1780 159 1866 μὲν
184 1781 219 1847 ἐκ
241 1784 310 1848 τῶν
328 1778 535 1867 Ἑλληνικῶν
563 1779 686 1868 μύθων
713 1779 828 1868 ἀγαθά
856 1781 958 1868 μικρά
983 1807 1020 1850 τε
1042 1782 1111 1850 ἐστὶ

97 1888 151 1954 καί
176 1885 218 1954 ού
240 1885 386 1966 πολλοὺς
409 1886 582 1973 δυνάμενα
601 1883 756 1974 ὠφελεῖν,
774 1884 860 1955 ἀλλά
882 1887 1010 1975 μόνους
1031 1886 1112 1969 τοὺς
1126 1911 1152 1953 ιε

98 1992 294 2080 ἐξητακότας
312 1984 360 2060 ὧν
381 1995 477 2060 ἕνεκα
494 1997 633 2079 γίνεται,
653 1990 791 2061 σπάνιοι
814 1989 846 2060 δ’
871 1995 958 2062 εἰσὶν
982 1997 1018 2062 ολ
1038 2019 1111 2081 μετ-

98 2098 271 2186 ειληφότες
304 2099 426 2186 ταύτης
458 2103 518 2186 της
549 2104 761 2186 φιλοσοφίας.
808 2097 826 2169 ό
856 2100 894 2168 δὲ
920 2098 1026 2181 πολύς
1054 2102 1111 2169 καί

97 2204 349 2293 ἀφιλοσόφητος
382 2204 480 2292 όχλος
511 2203 566 2274 ἐπὶ
599 2204 640 2274 τά
671 2212 770 2294 χείρω
802 2201 988 2293 λαμβάνειν
1020 2214 1114 2293 φιλεί

96 2312 174 2394 τούς
201 2314 277 2400 περί
305 2310 417 2382 αύτύν
444 2311 569 2399 λόγους
594 2313 651 2380 καί
681 2316 777 2380 δυεῖν
803 2311 922 2400 πάσχει
950 2311 1117 2399 θάτερον,-

96 2415 349 2506 ἢκαταφρονεῐ
372 2423 441 2487 τῶν
468 2422 562 2486 θεῶν
591 2414 635 2498 ὡς
662 2421 700 2486 έν
729 2423 835 2509 πολλῇ
865 2422 1110 2511 κακοδαιμονίᾳ
1124 2443 1150 2484 ιο

96 2527 385 2613 κυλινδουμένων,
403 2522 424 2613 ἢ
443 2529 512 2594 τύν
531 2529 712 2612 αἰσχίστων
734 2551 770 2594 τε
791 2525 848 2593 καὶ
869 2526 1110 2613 παρανομωτά-

96 2659 163 2702 των
188 2628 330 2713 ούδενὸς
352 2632 507 2720 ἀπέχεται
529 2641 624 2712 θεοῖς
654 2629 738 2700 αύτά
760 2635 985 2720 προσκείμενα
1008 2630 1110 2719 ὁρῶν.

128 2745 151 2795 >
185 2741 271 2806 XXI.
305 2738 392 2807 Ἀλλ’
417 2736 501 2828 ὑπὲρ
534 2739 596 2828 μὲν
627 2738 757 2808 τούτων
788 2752 859 2819 τοῖς
884 2737 970 2808 αύτὸ
1000 2738 1109 2827 μόνον

46 2844 137 2914 278τὸ
160 2845 370 2935 θεωρητικὸν
393 2850 452 2933 τῆς
468 2851 678 2933 ’φιλοσοφίας
700 2847 801 2934 μέρος
828 2843 1110 2933 ἀποτετμημένοις

96 2951 250 3039 ἀφείσθω
279 2965 432 3037 σκοπεῖν,
459 2956 518 3039 της
546 2949 577 3019 δ’
602 2949 668 3020 ύπὸ
692 2949 865 3038 Ῥωμύλου
891 2959 1109 3038 κατασταθεί
1123 2975 1149 3016 ιι

97 3078 156 3146 σης
178 3063 346 3138 πολιτείας
363 3059 419 3125 καί
436 3057 517 3126 τάδε
535 3054 714 3145 ἡγησάμην
732 3060 881 3147 ίστορίας
899 3057 984 3141 ἀξια.
1020 3064 1108 3147 πρύ-

168 3298 182 3345 1
207 3284 225 3358 ἢ
247 3284 382 3360 ψήφισμα
411 3307 435 3346 ο.
462 3288 603 3358 Kiessling
688 3296 705 3343 5
730 3308 805 3350 τινες
833 3285 865 3343 έν
892 3284 1058 3359 ἀνθρώποις
1085 3290 1108 3343 Β

96 3364 321 3429 9καθαίροντες
338 3361 364 3415 A
451 3365 483 3415 15
507 3355 578 3414 ἀλλά
602 3359 747 3429 μᾶλλονΒ
833 3364 868 3413 20
891 3364 1072 3428 καταφρονεῖ
1084 3360 1107 3413 Β

92 3438 287 3557 ἔμιμαφρονεῐν
301 3434 326 3486 R
379 3438 413 3486 21
428 3431 602 3501 κυλιομὲνων
621 3446 644 3485 ο.
660 3429 750 3485 Cobet
763 3430 828 3485 Obs.
843 3447 871 3498 p.
885 3433 921 3484 45
974 3435 1010 3483 24
1023 3427 1108 3499 μέρος
