2438 3908
512 207 675 260 ,Β-

86 365 234 452 λόμενον
257 365 361 435 αὐτὸν
385 369 615 449 ἐπιδείξασθαι
642 380 713 447 τοῖς
739 365 939 436 ἀπιστοῦσιν
963 369 1101 455 ἐναργές

85 499 119 540 τι
147 472 285 561 μήνυμα
311 477 370 561 τῆς
396 472 480 560 πρὸς
510 471 573 559 τὴν
606 477 750 560 δαίμονα
781 470 912 561 ὁμιλίας
941 473 1021 563 [καί]
1052 478 1102 541 δι-

88 583 258 666 δαχθέντα
290 578 347 648 ὑπ’
383 577 486 666 αὐτῆς
516 584 655 668 ποιῆσαι
686 580 780 648 τάδε·
811 581 997 649 καλέσαντα
1023 578 1142 650 Ῥω-6

87 693 198 774 μαίων
220 686 366 766 πολλοὺς
383 689 439 756 καὶ
457 684 610 773 ἀγαθούς
629 691 676 766 είς
695 684 758 774 τὴν
778 691 900 773 υίκίαν,
919 689 956 756 έν
975 677 996 776 ᾗ
1017 690 1101 753 διαι-

86 791 236 880 τωμενος
259 793 454 881 ἐτύγχανεν,
482 799 592 862 ἔπειτα
621 795 775 875 δείξαντα
801 807 873 873 τοῖς
895 796 1036 862 ἐλθοῦσι
1057 790 1124 860 τάσ

88 904 191 968 ἔνδον
218 904 259 990 τῇ
288 926 323 968 τε
353 899 437 990 ἀλλχ
466 904 653 989 κατασκευῇ
683 899 821 988 φαύλως
851 901 1101 988 κεχορηγημένα

86 1008 144 1075 καὶ
164 1005 206 1094 δὴ
224 1008 362 1075 καὶτῶν
382 1013 429 1087 είς
448 1001 596 1076 ἑστίασιν
612 1006 749 1095 ὀχλικὴν
763 1011 962 1096 ἐπιτηδείων
981 1006 1102 1093 ἀπορα,

86 1115 163 1182 τότε
195 1113 257 1200 μὲν
294 1112 562 1183 ἀπαλλάττεσθαι
597 1114 763 1209 κελεύειν,
800 1120 849 1195 είς
885 1115 1027 1204 ἑσπέραν
1066 1112 1103 1182 δὲ

40 1229 208 1289 ιθὸκαλεῖν
240 1219 363 1301 αύτούς
395 1223 448 1290 ἐπὶ
479 1219 518 1290 τὸ
557 1225 710 1290 δεῖπνον·
746 1223 1033 1310 παραγενομένοις
1066 1220 1141 1288 δέλ

85 1325 170 1395 κατά
202 1325 264 1414 τὴν
301 1325 563 1415 ἀποδειχθεῖσαν
601 1325 693 1416 ὥραν
730 1329 890 1409 ἐπιδεῖξαι
927 1326 1103 1414 στρωμνάς
1118 1348 1144 1386 10

86 1461 123 1503 τε
145 1442 336 1514 πολυτελεῖς
358 1435 415 1501 καὶ
433 1437 593 1522 τραπέζας
615 1432 818 1522 ἐκπωμάτων
837 1431 1004 1521 γεμούσας
1021 1442 1101 1501 πολ-

87 1545 158 1609 λῶν
180 1542 237 1608 καὶ
263 1544 376 1608 καλοῦν
401 1541 549 1608 ἑστίασίν
576 1565 611 1607 τε
635 1537 751 1620 αὐτοῖς
777 1548 982 1628 παραθεῖναι
1004 1565 1102 1608 κατα-

87 1656 257 1716 κλιθεῖσιν
295 1645 426 1734 ἀπάσης
462 1649 605 1734 ἐδωδῆς,
637 1642 681 1732 ἣν
715 1642 788 1714 οὐδ’
823 1642 866 1713 ἀν
904 1647 939 1714 έκ
975 1650 1103 1714 πολλοῦ

87 1753 180 1824 πάνυ
203 1755 331 1844 χρόνου
353 1753 680 1840 παρασκευάσασθαί
698 1780 766 1822 τινι
783 1757 852 1822 τῶν
875 1752 950 1821 τότε
968 1749 1103 1840 ἀνθρύ-

88 1885 163 1929 πων
183 1861 303 1952 ῥᾴδιον
322 1853 375 1948 ἦν.
415 1875 486 1940 τοῖς
505 1859 542 1927 δὲ
555 1857 731 1946 Ῥωμαίοις
747 1858 950 1946 κατάπληξίν
968 1886 1003 1928 τε
1020 1859 1104 1949 πρὸς
1119 1878 1143 1918 15

89 1969 229 2036 ἕκαστον
256 1971 325 2036 τῶν
355 1965 538 2056 ὁρωμένων
566 1963 729 2034 ὑπελθεῖν
755 1967 812 2034 καὶ
841 1965 942 2048 δόξαν
965 1968 999 2048 έξ
1023 1969 1103 2034 έκεί-

89 2102 154 2143 νου
172 2078 233 2143 τού
252 2073 380 2163 χρόνον
398 2077 608 2162 παραστῆναι
626 2075 776 2161 βέβαιον,
791 2070 842 2141 ὅτι
860 2072 926 2140 θεά
944 2100 994 2154 τις
1011 2071 1104 2164 αύτῷ

90 2187 236 2268 συνῆν..

179 2291 261 2356 LXI.
296 2293 341 2355 Οί
366 2289 403 2356 δὲ
426 2286 466 2355 τά
489 2287 633 2374 μυθώδη
657 2286 765 2356 πάντα
792 2288 1042 2374 περιαιροῦντες
1069 2287 1105 2352 έκ

89 2399 147 2482 τῆς
180 2399 328 2483 ίστορίας
359 2394 552 2463 πεπλάσθαι
584 2395 690 2481 φασὶν
721 2389 880 2461 ἀπὸτοῦ
909 2390 1011 2478 Νόμα
1042 2390 1103 2459 τὸν
1118 2409 1144 2449 20

90 2502 166 2590 περὶ
189 2505 247 2589 τῆς
267 2499 420 2590 Ἠγερίας
442 2500 563 2588 λόγον,
590 2504 648 2569 ἵνα
671 2502 756 2591 ῥᾷον
779 2496 868 2590 αύτῷ
892 2500 1103 2586 προσέχωσιν

92 2613 125 2676 οί
146 2606 187 2676 τά
206 2618 284 2676 θεῖα
309 2607 456 2688 δεδιότες
478 2609 534 2677 καὶ
551 2606 737 2696 προθύμως
761 2607 923 2693 δέχωνται
945 2603 1024 2686 τοὺς
1044 2602 1122 2674 ὑπ’.

91 2712 196 2783 αὐτοῦ
223 2716 424 2800 τιθεμένους
451 2713 594 2801 νόμους,
623 2709 668 2791 ὡς
694 2708 784 2802 παρὰ
811 2714 904 2779 θεῶν
931 2715 1102 2800 κομιζομέ-

91 2848 182 2901 νους.
227 2827 343 2907 λαβεῖν
368 2820 406 2888 δέ
428 2819 531 2889 αὐτὸν
559 2819 621 2907 τὴν
644 2818 774 2888 τούτων
798 2825 937 2906 μίμησιν
960 2817 1104 2907 ἀποφαί-
1124 2819 1145 2883 2

91 2948 213 2996 νουσιν
246 2931 281 2996 έκ
312 2931 381 2996 τῶν
405 2924 612 3014 Ἑλληνικῶν
630 2926 924 3015 ,παραδειγμάτων
957 2926 1105 3014 ζηλωτὴν
1120 2950 1145 2992 ιι

91 3034 277 3123 γενόμενον
300 3038 359 3121 τῆς
380 3060 416 3102 τε
434 3039 537 3102 Μίνω
560 3037 621 3102 τοῦ
640 3032 774 3122 Κρητὸς
795 3034 851 3103 καὶ
873 3037 933 3121 τῆς
951 3032 1122 3121 Λυκούρ-

92 3168 155 3228 γου
182 3144 244 3210 τοῦ
268 3145 541 3228 Λακεδαιμονίου
568 3149 703 3228 σοφίας·
736 3131 784 3208 ὧν
813 3137 831 3208 ὁ
856 3139 918 3228 μέν
946 3137 1105 3228 ὁμιλητὴς

164 3336 249 3392 Mal
267 3337 321 3391 del.
341 3337 444 3391 Reiske
521 3331 587 3390 9τδ
607 3336 661 3392 del.
681 3334 768 3391 Cobet
787 3335 851 3390 obs.
871 3353 898 3405 p.
914 3340 947 3389 52
1022 3341 1054 3389 16
1075 3331 1105 3401 έξ

93 3423 145 3462 om.
165 3407 218 3462 AB
302 3414 334 3462 17
358 3427 399 3462 πα
400 3425 537 3494 ραστησαι
560 3407 612 3461 ΑΒ
693 3413 727 3461 21
746 3401 815 3476 ἡγερ
817 3407 905 3468 ίαςΑ
987 3412 1020 3460 22
1041 3404 1105 3460 Ρω-

95 3485 172 3548 μαῖοι
191 3474 269 3532 τάο
288 3479 431 3549 Kiessling
449 3475 484 3533 τὰ
504 3479 557 3535 del.
577 3479 683 3548 Kayser
701 3479 773 3532 Ann.
792 3428 861 3547 phil
883 3481 997 3546 1861p.
1017 3482 1033 3531 ὅ

145 3588 244 3629 Βιοιιεε
257 3588 321 3629 Ha.
341 3589 361 3630 1
373 3597 412 3628 κο.
427 3587 527 3631 λευοιιι.
918 3571 957 3619 Χῆ
