2454 3916
527 232 690 287 „B-

102 391 205 479 φύσις
226 389 403 480 ἁρμόττειν
426 390 505 472 τοὺς
527 394 624 477 βίους
646 389 743 479 ἡμῶν
761 390 895 480 ἤρξατο,
914 394 950 460 οί
965 391 1027 478 μὲν
1048 389 1115 462 ἀπὸ

100 502 169 567 τών
200 503 335 586 θηρίων
371 495 409 567 τὸ
446 497 657 587 καράδειγμα
688 497 850 584 λαβόντες
882 497 1028 586 ἀφέτους
1058 499 1114 567 καὶ

100 601 219 684 κοινὰς
239 602 299 684 τὰς
321 605 424 692 μίξεις
446 606 608 690 ἐποίησαν
633 608 678 698 τῷ
703 603 821 693 ἀρρενι
844 605 928 692 πρὸς
949 603 988 675 τὸ
1011 609 1114 692 δῆλα,

101 708 145 792 ώς
168 714 338 799 ἐρωτικῶν
365 738 400 780 τε
429 719 572 797 οἴστρων
596 711 884 798 ἐλευθερώσοντες
910 710 990 792 τοὺς
1018 717 1115 798 βίους

100 818 155 886 καὶ
194 816 302 904 ζήλων
338 813 595 904 ἀλληλοκτόνων
637 817 849 906 ἐξελούμενοι
887 820 943 887 καί
978 822 1146 888 κολλώντι

100 921 215 991 ἀλλων
238 921 485 1005 ἀπαλλάξοντες
506 927 634 1010 κακῶν,
662 921 683 992 ἀ
705 923 953 1012 καταλαμβάνει
979 925 1058 1005 τούς
1080 951 1115 994 τε

48 1027 51 1033 ’
101 1032 213 1108 ίδίους
236 1038 349 1110 οίκους
366 1030 422 1098 καὶ
440 1027 500 1110 τάς
517 1028 630 1111 πόλεις
649 1029 730 1110 ὅλοις
749 1029 805 1099 διὰ
822 1046 997 1117 γυναῖκας·
1026 1034 1061 1099 οί
1078 1031 1115 1099 δὲ
1134 1034 1159 1100 5

100 1136 224 1215 τούτοις
246 1135 308 1222 μὲν
336 1136 499 1222 ἐξήλασαν
528 1139 564 1205 ἐκ
590 1140 657 1205 τών
685 1137 817 1206 πόλεων
844 1135 902 1218 τάς
925 1135 1116 1226 ἀγερώχους

100 1243 156 1310 καὶ
188 1241 372 1329 θηριώδεις
404 1230 587 1322 συνούσίας
621 1241 731 1328 ἀνδρα
757 1243 1037 1332 ’συναρμόσαντες
1069 1248 1117 1324 είς

101 1361 246 1436 γυναῖκα
274 1353 370 1436 μίαν,
398 1350 474 1436 περὶ
507 1351 544 1415 δε
576 1353 728 1436 φυλακῆς
754 1348 873 1436 γάμων
900 1351 956 1417 καὶ
983 1368 1116 1437 σωφρο-
1131 1382 1159 1421 ιο

103 1454 209 1542 σύνης
232 1459 402 1542 γυναικών
425 1465 627 1542 νομοδετείν
651 1453 727 1523 οὔτε
747 1461 860 1542 μεῖζον
884 1451 956 1522 ούτ’
977 1459 1116 1523 ἔλαττον

103 1560 206 1632 οὐδὲν
243 1557 476 1651 ἐπεχείρησαν,
512 1558 586 1630 ἀλλ’
626 1559 670 1641 ώς
711 1559 885 1629 ἀδυνάτου
925 1561 1118 1649 κράγματος

103 1667 309 1755 ἀντέστησαν·
347 1671 383 1737 οί
412 1668 451 1736 δὲ
483 1668 559 1737 οὔτε
594 1666 780 1755 ἀνεγγύους
811 1670 973 1755 ἐποίησαν
1007 1666 1158 1756 ώσκερδ

103 1781 190 1845 ἔνιοι
222 1779 292 1844 τών
328 1775 510 1866 βαρβάρων
544 1773 604 1856 τάς
640 1772 864 1864 ἀφροδισίους
900 1778 1004 1863 μίξεις
1041 1773 1118 1843 ούτε

48 1881 245 1970 287ἀφῇκαν
264 1879 373 1971 ώσκερ
398 1881 662 1970 Λακεδαιμόνιοι
685 1880 743 1962 τάς
766 1885 835 1951 τών
858 1885 1030 1968 γυναικών
1054 1908 1116 1968 φυ·
1132 1914 1160 1955 15

102 1990 221 2075 λακάς,
249 1986 334 2057 ἀλλά
360 1987 506 2068 πολλοὺς
534 1993 658 2056 ἔδεσαν
687 1987 738 2057 ἐπ’
760 1987 877 2068 αύταῑς
903 1989 1031 2077 νόμους
1054 2007 1118 2056 σω-

103 2094 296 2185 φρονιστάς.
330 2096 396 2163 είσί
417 2092 448 2161 δ’
474 2100 510 2162 οἳ
525 2095 581 2162 καὶ
599 2093 708 2182 ἀρχήν
726 2122 803 2164 τινα
825 2097 1031 2181 κατέστησαν
1050 2097 1118 2163 ἐπι-

50 2222 58 2238 ·
104 2204 337 2291 μελησομὲνην
360 2199 540 2289 εὐκοσμίας
566 2206 752 2288 γυναικών·
785 2200 826 2270 ού
849 2200 916 2290 μὴν
938 2200 1119 2289 ἀποχρώσά

103 2337 141 2397 γε
164 2307 185 2396 ἡ
208 2308 352 2397 πρόνοια
377 2306 488 2376 αύτών
511 2310 570 2394 τῆς
590 2306 772 2395 τηρήσεως,
795 2304 880 2374 ἀλλά
903 2309 1118 2394 μαλακωτέρα

103 2420 165 2486 τού
189 2419 326 2496 δέοντος
348 2415 478 2501 ἐγένετο
501 2415 558 2482 καὶ
582 2412 643 2500 ούγ
672 2410 769 2500 ἱκανὴ
793 2410 854 2500 τὴν
878 2410 923 2500 μὴ
950 2416 1118 2503 σπουδαίη
1132 2445 1161 2485 ιο

104 2523 206 2610 φύσει
221 2507 428 2610 κεκραμένην
446 2524 494 2600 είς
511 2518 662 2607 ’ἀνάγκην
681 2524 760 2605 βίον
778 2517 957 2605 σώφρονος
970 2517 1118 2605 ἀγαγεῖν.

194 2629 296 2696 XXV.
321 2623 357 2694 ‘0
380 2626 418 2695 δὲ
436 2623 605 2714 Ῥωμύλος
628 2624 705 2694 ούτε
729 2623 831 2713 ἀνδρὶ
853 2623 936 2693 κατὰ
959 2623 1120 2711 γυναικὸς

105 2734 294 2822 ἐγκλήματα
317 2731 398 2813 δοὺς
420 2737 611 2821 φθαρείσης
632 2727 654 2820 ἢ
681 2729 742 2801 τὸν
771 2730 865 2801 οἶκον
892 2729 1017 2813 ἀδίκως
1038 2729 1118 2801 ἀκο-

104 2840 268 2928 λιπούσης
296 2838 372 2909 οὔτε
400 2843 524 2928 γαμετῇ
551 2837 622 2908 κατ’
648 2835 776 2926 ἀνδρὸς
803 2840 984 2927 αἰτιωμένη
1013 2838 1119 2907 κάκω-

177 3006 194 3055 3
218 2995 356 3068 ἐποίησαν
384 2998 537 3069 Kiessling,
566 2997 655 3054 Cobet
683 2997 749 3055 Obs.
777 3016 804 3068 p.
831 3004 866 3054 46
905 2993 1120 3069 ἐκοιήσαντοΟ

105 3076 122 3127 4
143 3066 388 3140 ἐλευθερώσαντες
410 3070 436 3124 A
518 3077 534 3125 6
557 3063 772 3134 ἀπαλλάξαντες
795 3070 821 3123 Α
902 3076 918 3125 8
941 3065 1051 3138 ἤλασαν
1070 3070 1093 3125 Β
1114 3071 1120 3142 λ

106 3137 139 3197 ἐκ
157 3143 215 3196 τῶν
233 3137 344 3197 πόλεων
362 3143 385 3196 Β
405 3137 437 3196 ἐκ
455 3141 507 3209 τῆς
524 3136 633 3203 πόλεως
651 3141 677 3195 R
749 3146 764 3194 9
785 3139 836 3195 ἕνα
854 3135 948 3210 ἀνδρα
971 3158 993 3197 c.
1013 3141 1120 3211 Kayser

105 3213 177 3269 Anu.
196 3213 267 3282 phil.
288 3218 355 3269 1861
375 3231 402 3283 p.
422 3217 438 3265 8
476 3207 560 3279 ἀνδρὶ
583 3206 811 3282 συναρμόσαντες
836 3231 897 3281 γον.
917 3231 944 3280 μΙ
963 3210 1119 3267 Ambrosch

106 3283 162 3356 είς]
180 3279 250 3353 πρὸς
272 3283 376 3340 Reiske
398 3284 445 3338 vel
468 3282 583 3351 γυναικί
606 3282 658 3354 μιᾷ
731 3288 763 3337 13
783 3279 813 3337 οἱ
829 3280 882 3352 μὲν
905 3276 970 3337 ούτε
989 3283 1013 3336 Β
1086 3287 1121 3334 14

97 3357 196 3426 μίξεις
210 3355 233 3409 Β
247 3371 302 3412 om.
316 3356 343 3410 R
368 3373 373 3383 ·
397 3359 431 3409 15
445 3348 661 3423 παραμελήτονς
675 3347 793 3421 ἀφῆκαν
808 3370 831 3408 ο.
846 3352 948 3407 Reiske
1004 3357 1037 3406 1⁷
1051 3371 1117 3405 κατ-

107 3421 228 3495 ίστησάν
246 3446 310 3480 τινα
329 3427 353 3480 Β
426 3431 460 3479 20
479 3421 532 3493 τὴν
549 3424 705 3479 Ambrosch
724 3423 761 3478 τώ
783 3422 806 3476 Β
824 3419 855 3477 τὸ
871 3424 896 3476 Α
968 3428 1000 3476 21
1021 3440 1119 3491 συγκε-

106 3494 250 3566 κραμένον
270 3514 293 3551 c.
311 3495 415 3551 Reiske
