2454 3916
491 222 658 273 -r-
1015 221 1149 288 293-w

66 406 134 469 μου
160 379 278 467 τύχην·
311 380 344 460 ἐξ
374 376 535 467 ὁποτέρας
564 377 596 447 δ’
622 375 665 448 ἀν
688 379 817 461 πόλεως
842 386 877 450 οί
897 382 1082 471 κρατήσαν-

64 514 118 568 τες
144 491 213 556 τῶν
240 486 433 556 ἀντιπάλων
460 488 643 575 γένωνται,
671 488 775 578 ταύτη
803 489 1089 579 συγχωρήσαιμεν

64 593 183 682 ἀρχειν
205 598 264 682 τής
287 595 409 681 ἑτέρας.
450 591 557 662 ὁπόσα
580 592 646 683 γάρ
668 592 713 682 μή
738 599 914 684 διαιρεῖται
937 593 1002 664 ὑπὸ
1025 596 1086 665 λό-

65 727 146 788 γου,
168 704 272 769 ταῦτα
294 697 359 770 ὑπὸ
382 704 451 769 τῶν
474 699 588 770 ὅπλων
610 705 768 789 κρίνεται.

155 810 228 877 XII.
263 805 311 875 Τά
343 807 406 895 μὲν
439 805 481 894 δὴ
512 809 678 895 λεχθέντα
708 810 784 900 περὶ
812 813 872 897 τής
900 807 1108 898 ήγεμονίαςό

64 920 133 986 τῶν
160 914 293 984 πόλεων
326 915 532 1002 δικαιῶματα
563 912 621 984 ὑπ’
652 914 852 1006 ἀμφοτέρων
884 922 953 987 τῶν
984 938 1082 1007 στρα-

64 1026 177 1110 τηγῶν
206 1021 321 1091 τοιάδε
348 1013 405 1109 ἦν·
437 1024 532 1102 τέλος
560 1023 597 1091 δὲ
623 1037 695 1105 τοῖς
721 1024 837 1112 λόγοις
864 1022 977 1093 αύτῶν
1004 1022 1083 1111 ήκο-

64 1128 237 1216 λούθησεν
266 1123 342 1198 οἷον
367 1127 385 1198 ὁ
409 1127 570 1216 Ῥωμαῖος
596 1127 785 1201 ὑπετίθετο.
831 1135 866 1200 οί
887 1130 951 1219 γὰρ
975 1132 1013 1199 ἐν
1035 1133 1081 1223 τῷ

18 1236 222 1329 ι41συλλόγφ
241 1235 407 1325 παρόντες
421 1234 594 1322 Ἀλβανῶν
616 1263 652 1306 τε
675 1240 732 1307 καί
749 1236 923 1326 Ῥωμαίων
946 1251 1082 1325 ταχεῖαν
1100 1314 1106 1323 ,

65 1341 262 1431 ἀπαλλαγὴν
285 1347 346 1412 τοῦ
368 1345 518 1432 πολέμου
535 1343 745 1431 ποιήσασθαι
768 1348 943 1433 ζητοῦντες
966 1343 1083 1423 ὅπλοις
1097 1371 1123 1412 ιο

63 1449 103 1519 τὸ
137 1464 248 1532 νεῖκος
280 1455 433 1538 ἔγνωσαν
466 1454 599 1520 διελεῖν.
650 1452 929 1540 συγχωρηθέντος
961 1449 1001 1517 δὲ
1026 1450 1083 1517 καὶ

64 1556 190 1626 τούτου
211 1557 371 1644 περὶτοῦ
394 1556 549 1644 πλήθους
570 1560 639 1625 τῶν
662 1555 926 1645 ἀγωνιουμένων
950 1555 1082 1643 ζήτησις

65 1666 194 1749 ἐγίνετο
223 1660 265 1731 ού
292 1660 355 1750 τήν
383 1661 490 1751 αὐτὴν
514 1665 672 1752 ἑκατέρου
699 1668 767 1733 τῶν
791 1667 986 1752 στρατηγῶν
1010 1661 1082 1730 διά-

64 1796 166 1839 νοιαν
189 1768 488 1858 ἀποδεικνυμένου.
537 1770 666 1852 Τύλλος
689 1769 751 1858 μὲν
776 1769 841 1873 γάρ
864 1769 1021 1856 ἐβούλετο
1045 1770 1082 1837 έν
1101 1769 1122 1834 2

64 1878 251 1965 ἐλαχίστοις
282 1876 414 1964 σῶμασι
447 1876 610 1963 γενέσθαι
641 1875 704 1964 τήν
735 1881 797 1946 τού
832 1879 981 1965 πολέμου
1012 1880 1082 1964 κρί-
1097 1892 1123 1934 15

65 2002 123 2052 σιν
152 1982 228 2064 ἑνὸς
252 1981 418 2070 Ἀλβανοῦ
448 1988 510 2053 τοῦ
537 1983 774 2074 λαμπροτάτου
805 1982 889 2076 πρὸς
922 1986 982 2054 ἕνα
1006 1980 1084 2052 Ῥω-

64 2103 168 2178 μαῖον
191 2088 252 2158 τὸν
275 2088 416 2179 ἀριστον
439 2091 737 2180 μονομαχήσοντος
760 2093 816 2161 καὶ
838 2091 1018 2180 πρόθυμος
1039 2082 1084 2176 ἦν

64 2194 168 2277 αύτὸς
193 2194 278 2286 ύπδρ
308 2201 368 2285 τῆς
397 2198 520 2268 ἑαυτοῦ
549 2203 711 2288 πατρίδος
740 2197 976 2285 ἀγωνίσασθαι
1003 2221 1084 2286 προ-

63 2302 273 2390 καλούμενος
296 2308 344 2383 είς
365 2302 428 2392 τήν
452 2301 574 2392 ὁμοίαν
602 2309 799 2392 φιλοτιμίαν
826 2302 888 2373 τὸν
908 2301 1084 2389 Ἀλβανόν,

64 2408 189 2490 καλούς
216 2408 418 2497 ἀποφαίνων
446 2425 517 2493 τοῖς
544 2409 747 2499 ἀνειληφόσι
773 2408 832 2490 τάς
854 2413 923 2478 τῶν
947 2428 1083 2497 στρατο-
1097 2423 1124 2464 2⁰

63 2518 178 2586 πέδων
216 2513 398 2604 ἡγεμονίας
432 2516 513 2598 τούς
544 2515 628 2606 ύπδρ
661 2516 766 2606 ἀρχῆς
796 2518 852 2585 καὶ
885 2519 1085 2595 δυναστείας

65 2622 215 2709 ἀγῶνας,
244 2622 285 2692 ού
313 2623 422 2712 μόνον
451 2622 510 2694 έάν
540 2625 727 2712 νικήσωσιν
760 2621 913 2711 ἀγαθούς
944 2621 1085 2711 ἀνδρας,

65 2728 152 2798 ἀλλά
174 2726 238 2798 κάν
262 2728 360 2800 αύτοὶ
376 2735 594 2819 κρατηθῶσιν
613 2728 671 2799 ὑπ’
693 2729 847 2818 ἀγαθῶν,
869 2730 925 2798 καί
949 2727 1084 2810 διεξιῶν

66 2834 143 2904 ὅσοι
167 2838 346 2925 στρατηγοὶ
372 2839 429 2906 καί
457 2844 606 2925 βασιλεῖς
633 2835 693 2919 τὰς
721 2839 850 2908 ἑαυτῶν
874 2835 983 2924 ψυχὰς
1004 2860 1085 2927 προ-

65 2945 288 3011 κινδυνεῦσαι
309 2947 380 3011 τῶν
407 2947 534 3013 κοινῶν
560 2945 731 3032 παρέσχον
759 2941 875 3013 δεινὸν
899 2941 1084 3031 ἡγούμενοι
1098 2961 1124 3004 2⁵

31 3128 33 3132 ,
65 3051 136 3118 τῶν
166 3047 228 3135 μὲν
256 3052 364 3136 τιμῶν
393 3052 497 3120 πλέον
527 3046 624 3118 αὐτοὶ
652 3035 833 3137 φέρεσθαι,ι
860 3052 929 3118 τῶν
958 3048 996 3117 δὲ
1024 3048 1089 3138 πόῇ

66 3181 140 3223 νων
164 3159 311 3224 ἔλαττον.
357 3153 375 3224 ὁ
405 3155 442 3225 δὲ
461 3153 624 3242 Ἀλβανδς
651 3153 688 3225 τὸ
719 3155 782 3243 μὲν
804 3153 931 3243 ὀλίγοις
954 3154 1084 3242 σῶμασι
1103 3148 1124 3215 3

140 3302 156 3351 2
179 3293 328 3366 ταύτη.Β
355 3268 460 3366 ταύτης
482 3299 508 3354 A
590 3305 625 3354 14
650 3295 939 3424 ἀποδεικνυὲέν<ον>
961 3297 984 3350 Β
1013 3291 1084 3352 ἀπο-

67 3366 262 3455 δεικγυμένων
280 3369 306 3423 R
321 3371 326 3438 Ι
343 3365 375 3424 έν
393 3370 416 3423 Β
435 3371 529 3454 0m2R
602 3375 636 3425 16
654 3367 787 3457 βωμαίων
833 3369 881 3454 ρΙῖ
953 3373 987 3422 17
1001 3387 1084 3439 μονο-

67 3441 288 3566 ρρχχσαντοςΒ
360 3445 395 3496 23
414 3441 556 3508 δεξιωνΑ
628 3446 663 3496 26
681 3459 779 3495 πονων
793 3440 897 3496 Ιῖοιελτο
914 3436 1083 3510 πολέμωνΟ

139 3531 155 3565 ι
175 3504 281 3580 ὀλίγοις
299 3513 329 3566 et
346 3507 527 3568 κινδυνεύειν
546 3514 609 3568 δεῖν
629 3529 651 3569 ο.
671 3511 809 3568 Bfleheler
