2454 3916
504 241 670 291 -Γ-
1027 238 1092 304 347

79 400 304 483 ψηφηφορίαν
327 393 406 475 τοῦς
427 394 530 476 θεοὺς
554 400 622 465 ἔδει
644 395 707 484 τὴν
730 403 906 484 βασιλείαν
930 397 1020 492 αὐτῷ
1045 399 1089 468 δι’

78 505 213 573 οἰωνῶν
247 506 367 570 αἰσίων
401 504 627 571 ἐπιθεσπίσαι·
670 503 779 591 ἀνδρα
812 505 849 573 δέ
882 504 1005 596 μιαρὸν
1037 511 1093 575 καί

76 609 252 688 τοσούτοις
273 606 469 697 ᾑμαγμένον
493 609 615 696 φόνοις
636 607 767 692 ἀδίκοις
789 617 839 692 τίς
862 617 976 699 ἐμελλε
998 618 1092 681 θεων

76 712 98 802 ἢ
124 715 298 804 δαιμόνων
316 715 480 803 παρήσειν
503 721 631 803 βωμοῖς
652 743 688 785 τε
705 716 890 806 προσιόντα
907 721 964 787 καί
982 719 1092 807 θυμό-

75 848 146 891 των
174 821 425 910 καταρχόμενον
453 824 509 890 καὶ
536 821 596 902 τὰς
622 821 725 903 ἀλλας
752 825 967 894 ἐπιτελοῦντα
989 835 1119 914 θεραι

75 935 183 1016 πείας,
217 927 281 1016 ἐγὼ
309 928 372 1016 μὲν
404 926 445 1015 δη
477 927 533 996 διὰ
563 934 666 998 ταῦτα
698 928 760 999 οῦκ
787 936 835 1011 εἰς
867 929 1091 1020 ἀνθρωπίνην

76 1032 261 1123 ἐπιβουλὴν
285 1033 357 1103 ἀλλ’
379 1039 427 1114 εἰς
449 1039 535 1103 θεοῦ
553 1036 719 1126 βούλησιν
737 1036 775 1106 τὸ
800 1043 902 1124 ἔργον
920 1037 1091 1128 ἀναφέρω,

73 1144 217 1233 κρινέτω
242 1139 273 1209 δ’
300 1143 436 1221 ἕκαστος
459 1139 505 1222 ὡς
527 1142 692 1228 βούλεται.

164 1250 314 1317 XXXVI.
337 1247 434 1316 Μετά
455 1247 493 1316 δὲ
513 1246 575 1335 τὴν
591 1246 758 1318 Ὁστιλίου
780 1249 913 1319 Τύλλου
932 1252 1090 1340 τελευτὴν

74 1352 97 1442 ἡ
121 1360 373 1443 μεσοβασίλειος
400 1352 465 1423 ῦπὸ
493 1360 552 1442 τῆς
581 1359 707 1441 βουλῆς
734 1354 975 1444 ἀποδειχθεῖσα
1004 1357 1090 1446 ἀρχὴ
1106 1391 1132 1433 10

73 1460 158 1531 κατά
189 1460 267 1540 τοῦς
298 1468 460 1548 πατρίους
491 1460 653 1549 ἐθισμοὺς
690 1465 832 1548 αίρείται
862 1466 1002 1549 βασιλέα
1033 1468 1092 1552 τῆς

75 1569 204 1649 πόλεως
227 1568 387 1658 Μάρκιον
411 1571 584 1655 ἐπίκλησιν
597 1567 737 1655 ’Ἁγκον
761 1570 1030 1658 ἐπικυρώσαντος
1053 1573 1091 1642 δὲ

74 1679 137 1744 τοῦ
160 1675 272 1763 δήμου
294 1674 334 1744 τά
353 1673 499 1756 δόξαντα
516 1679 555 1765 τῇ
575 1679 682 1763 βουλῇ
705 1677 761 1743 καὶ
784 1680 853 1744 τῶν
872 1679 908 1745 ἐκ
925 1681 987 1746 τοῦ
1004 1683 1091 1747 θεοῦ

73 1786 188 1850 καλοῦν
210 1783 405 1868 γενομένων
428 1783 628 1861 συντελέσας
653 1780 694 1850 τά
722 1781 805 1850 κατά
828 1782 937 1870 νόμον
959 1781 1090 1853 ἅπαντα

22 1888 334 1977 518παραλαμβάνει
351 1886 413 1975 τὴν
432 1886 540 1977 ἀρχὴν
564 1886 582 1956 ὁ
602 1889 758 1972 Μάρκιος
781 1892 923 1982 ἐνιαυτῷ
944 1892 1089 1983 δευτέρω
1105 1921 1130 1962 15

73 2001 133 2084 τῆς
163 1999 362 2084 τριακοστῆς
393 1995 449 2063 καὶ
484 1997 633 2083 πέμπτης
666 1994 888 2083 ὀλυμπιάδος,
920 1994 964 2084 ἣν
996 2000 1090 2066 ἐνίκα

73 2102 259 2189 <στάδιον>
273 2099 466 2190 Σφαίροςὸ
487 2101 771 2188 Λακεδαιμόνιος,
796 2101 876 2172 καθ’
898 2103 939 2173 ὃν
962 2103 1089 2191 χρόνον

70 2207 236 2295 Ἀθήνησι
258 2207 321 2295 τὴν
349 2207 523 2277 ἐνιαύσιον
542 2207 649 2296 ἀρχὴν
673 2206 740 2296 εἶχε
763 2214 949 2296 Δαμασίας.
990 2202 1128 2291 οῦιος2

74 2313 93 2384 δ
118 2313 275 2401 βασιλεῦς
292 2312 419 2394 πολλὰς
435 2318 503 2382 τῶν
523 2318 724 2402 ἱερουργιῶν
743 2312 973 2402 ἀμελουμένας
990 2342 1088 2384 κατα-

72 2420 212 2511 μαθών,
244 2416 285 2500 ἃς
317 2417 335 2488 ὁ
368 2420 589 2509 μητροπάτωρ
623 2418 729 2489 αὐτοῦ
757 2427 947 2508 Πομπίλιος
969 2421 1089 2510 Νόμας
1103 2454 1129 2495 ιο

71 2527 308 2614 κατεστήσατο,
330 2526 531 2613 πολεμιστάς
553 2554 588 2595 τε
610 2528 666 2595 καὶ
684 2530 884 2607 πλεονέκτας
901 2526 980 2608 τοῦς
1000 2535 1086 2596 πλεί-

73 2656 175 2714 στους
191 2631 366 2723 Ῥωμαίων
392 2633 575 2719 γεγονότας
602 2631 695 2720 ὁρῶν
720 2635 776 2702 καί
805 2631 915 2703 οῦκέτι
936 2637 1000 2722 τὴν
1022 2640 1088 2723 γῆν

73 2740 119 2823 ὡς
141 2740 307 2829 πρότερον
332 2742 588 2828 ἐργαζομένους,
614 2737 817 2827 συναγάγών
839 2745 888 2820 είς
910 2743 1088 2829 ἐκκλησίαν

71 2847 110 2916 τὸ
139 2856 270 2935 πλῆθος
300 2847 341 2916 τό
373 2872 408 2914 τε
439 2854 518 2914 θεῖα
550 2850 663 2934 σέβειν
696 2843 820 2926 αῦτοῦς
848 2844 946 2934 ἠξίου
974 2848 1088 2938 πόλιν,

72 2953 184 3043 ὥσπερ
208 2954 261 3022 ἐπὶ
275 2952 378 3040 Νόμα
397 2956 569 3022 διετέλουν
588 2956 755 3040 σέβοντες,
775 2952 908 3036 διεξιὼν
927 2952 980 3043 ὅτι
997 2955 1088 3045 παρὰ
1102 2986 1128 3027 25

71 3060 137 3147 τὴν
163 3064 232 3129 τῶν
260 3064 353 3129 θεῶν
387 3057 569 3147 ὀλιγωρίαν
596 3059 695 3128 νόσοι
726 3087 762 3129 τε
791 3061 940 3148 λοιμικαὶ
967 3063 1087 3130 πολλαί

71 3169 285 3254 κατέσκηψαν
309 3171 357 3247 είς
378 3164 440 3254 τὴν
458 3165 570 3253 πόλιν,
593 3164 654 3255 ὑφ’
681 3158 729 3235 ὧν
749 3167 885 3257 ἐφθάρη
904 3181 1005 3257 μοῖρα
1025 3173 1086 3238 τοῦ

146 3370 160 3417 1
184 3362 458 3445 ψηφ<η>φορίανΒ
485 3365 670 3432 ψηφιφορίαν
693 3366 718 3417 Α
799 3369 816 3418 3
839 3358 945 3425 ἀδίκως
968 3362 992 3417 Ο
1016 3380 1085 3419 corr

72 3433 215 3504 Kiessling
289 3441 321 3489 13
341 3432 391 3487 τοῦ
410 3435 536 3488 θείουο.
556 3433 659 3490 Reiske
738 3440 771 3489 17
790 3433 805 3468 *
824 3428 939 3488 στάδιον
962 3433 1083 3507 addidi>

73 3503 163 3561 ὁοιο.
181 3507 204 3560 Β
278 3512 312 3560 26
331 3499 411 3559 νόσοι
429 3523 459 3559 τε
478 3504 528 3559 καλ
546 3505 638 3575 λοιμολ
661 3504 710 3559 καλ
732 3500 834 3576 βλάβαι
853 3505 997 3560 πολλαλΑ

527 3751 544 3782 Ν
