2454 3916
501 234 667 284 „p-

73 417 108 459 τι
135 390 382 480 καταλαμβάνει
410 388 489 470 τούς
510 387 695 478 Ῥωμαίους
723 393 780 459 καὶ
810 389 920 480 ὥσπερ
950 389 1091 479 ἀκμῆτες

75 499 124 576 είς
145 495 336 584 κάμνοντας
364 494 533 587 ὠσάμενοι
562 501 728 566 διασπῶσι
755 495 814 577 τάς
841 497 950 579 τάξεις
976 495 1090 567 αύτύν

74 605 152 691 περὶ
176 607 291 692 δείλην
315 602 418 686 όφίαν
441 602 506 692 ἤδη
534 604 591 672 καλ
613 602 838 690 ἀναγκάζουσι
860 602 940 684 τοὺς
962 627 1090 691 πρωτο-

74 709 196 790 στάτας
218 709 316 799 ἀρξαι
339 715 464 799 φυγῆς,
487 709 782 798 ἀκολουθήσαντές
808 737 843 779 τε
872 708 986 790 αύτοίς
1009 708 1089 798 φεύ-

75 836 197 904 γουσιν
220 819 274 886 ἐπὶ
296 816 357 887 τὸν
384 817 512 905 χάρακα
539 819 595 886 καλ
624 818 700 903 περὶ
722 815 781 897 τάς
803 816 954 904 τάφρους
976 819 1116 908 πολλῷε

72 920 233 1004 πλείονας
276 923 537 1011 καταβαλόντες,
580 922 655 993 οὐδ’
700 923 807 1005 ούτως
848 921 1090 1010 ἀπετράποντο,

74 1027 160 1098 ἀλλά
192 1036 457 1119 παραμείναντες
487 1029 549 1118 τὴν
587 1032 749 1100 έπιούσαν
786 1029 892 1100 νύκτα
923 1032 980 1098 καὶ
1011 1026 1091 1109 τοὺς

73 1134 139 1205 ἀπὸ
163 1140 224 1206 τού
247 1135 411 1224 ἐρύματος
433 1138 644 1224 μαχομένους
667 1135 879 1226 ἀνείρξαντες
902 1135 1090 1225 ἐκράτησαν

73 1246 133 1330 τῆς
154 1246 376 1330 παρεμβολῆς.
422 1241 503 1332 μετά
527 1243 564 1311 δὲ
582 1247 683 1312 τούτο
701 1242 740 1312 τὸ
764 1248 865 1332 ἔργον
885 1241 970 1330 όσην
994 1240 1090 1328 έβού-
1108 1243 1129 1308 6

74 1356 175 1417 λοντο
207 1352 266 1436 τῆς
296 1353 365 1418 τῶν
393 1354 556 1435 Σαβίνων
588 1349 867 1437 λεηλατήσαντες,
900 1346 944 1427 ὡς
977 1346 1090 1428 οὐδεὶς
1104 1374 1130 1415 ιο

73 1452 189 1534 αὐτοῖς
222 1453 332 1523 ούκέτι
367 1455 444 1544 περὶ
481 1458 539 1542 τῆς
575 1453 686 1542 χώρας
723 1452 810 1542 ἐξῄει
846 1453 1090 1542 μαχησόμενος,

26 1558 230 1651 ιονάπῄεσαν
254 1558 304 1630 ἐπ’
330 1569 437 1629 οίκου.
482 1558 547 1629 άπὸ
574 1559 697 1647 ταύτης
724 1563 783 1647 τῆς
809 1559 916 1648 μάχης
938 1559 998 1629 τόν
1021 1565 1089 1648 τρί

73 1693 136 1737 τον
158 1667 322 1755 κατήγαγε
339 1672 513 1755 θρίαμβον
537 1664 555 1735 ὁ
579 1665 748 1754 βασιλεύς,
770 1668 826 1735 καὶ
850 1665 920 1754 μετ’
938 1665 980 1735 οὐ
1002 1665 1090 1736 πολύ

72 1776 380 1863 πρεσβευσαμένοις
411 1788 483 1854 τοῖς
513 1780 678 1860 Σαβίνοις
709 1771 906 1843 καταλύεται
937 1771 998 1842 τὸν
1030 1773 1090 1842 πό·

73 1889 179 1969 λεμον
202 1880 432 1968 αίχμαλοότονς
459 1906 495 1950 τε
520 1879 600 1965 παρ’
626 1878 738 1950 αύτῶν
766 1879 1006 1969 κομισάμενος,
1031 1876 1090 1961 ούς
1104 1904 1130 1947 ιι

74 1985 260 2074 ἐτύγχανον
288 1987 463 2075 εἰληφότες
486 1990 523 2056 ἐν
550 2002 622 2068 ταῖς
643 2001 846 2077 προνομαῖς,
868 1989 924 2056 καλ
947 1984 1091 2075 αύτομό·

73 2101 157 2172 λονς
183 2094 406 2182 βοσκημάτων
432 2121 468 2163 τε
494 2095 551 2162 καλ
577 2093 767 2181 ὑποζυγίων
794 2094 850 2162 καὶ
878 2097 946 2163 τῶν
976 2092 1090 2162 ἀλλων

73 2199 254 2289 χρημάτων
277 2199 341 2269 ὅσα
359 2199 438 2282 τούς
461 2200 631 2290 γεωργούς
653 2199 846 2289 ἀφείλοντο,
868 2196 913 2287 ἣν
933 2201 1045 2281 ἔταξεν
1068 2196 1090 2287 ἡ

72 2305 182 2394 βουλὴ
211 2309 279 2375 τῶν
298 2304 473 2394 Ῥωμαίων
502 2311 621 2394 ζημίαν
648 2307 855 2394 τιμησαμένη
882 2303 941 2384 τάς
962 2304 1090 2391 βλάβας

73 2412 159 2501 πρὸς
182 2413 363 2502 ἀργύριον,
386 2412 586 2503 ἀναπράξας.
1102 2435 1130 2477 ιο

163 2522 316 2588 XXXIII.
349 2516 423 2588 Ἐπὶ
449 2518 582 2599 τούτοις
608 2517 876 2606 καταλυσάμενοι
904 2516 964 2586 τὸν
991 2516 1088 2586 πόλε-

72 2652 141 2714 μον
165 2629 200 2694 οί
220 2632 367 2712 Σαβῖνοι
393 2627 449 2694 καὶ
476 2629 545 2695 τοῖν
568 2623 758 2713 ὁμολογιῶν
787 2624 909 2711 στήλας
930 2622 1088 2711 ἀντιγρά-

72 2758 162 2820 φους
183 2735 303 2813 θέντες
325 2735 362 2800 ἐν
385 2746 455 2812 τοῖς
479 2735 592 2820 ίεροϊς,
615 2729 728 2818 ἐπειδὴ
748 2732 892 2818 συνέστη
911 2728 1089 2818 Ῥωμαίοις

72 2835 158 2927 πρὸς
179 2838 238 2919 τὰς
255 2844 415 2907 Λατίνων
433 2837 547 2919 πόλεις
569 2841 667 2926 κοινῇ
689 2838 969 2925 συνηρπαγμένας
991 2835 1088 2905 πόλε-

72 2971 136 3032 μος
158 2940 199 3012 ού
222 2943 339 3035 βάόιος
361 2946 399 3012 έν
422 2941 525 3035 ὀλίγῳ
548 2945 799 3031 καθαιρεθῆναι
823 2943 936 3036 χρόνω
960 2940 1021 3033 (δι’
1047 2938 1128 3023 ἀςιο

146 3145 160 3193 1
181 3159 208 3194 τι
227 3139 249 3195 0
269 3159 298 3194 τε
317 3138 465 3226 KIessling
514 3145 531 3193 4
550 3145 608 3202 τοῖς
627 3133 784 3209 φεύγουσιν
802 3137 945 3208 KIessling
1001 3143 1017 3192 6
1036 3158 1086 3192 να·

72 3207 290 3281 ταβαλόυτεςΒ
321 3207 533 3298 καταλαβόντες
552 3211 579 3264 R
658 3217 675 3267 9
699 3208 731 3266 δὲ
756 3227 809 3266 om
832 3211 856 3264 B
939 3215 972 3264 10
995 3209 1086 3295 τηςΒ

72 3281 171 3351 γῆνΙλ
249 3288 280 3336 11
305 3277 397 3372 χώρας
420 3277 435 3337 ὁ
452 3275 620 3366 μαχόμενος
641 3276 679 3351 ην
702 3281 724 3337 0
750 3282 904 3352 ῳεεολιεεΒ
979 3286 1011 3334 12
1030 3274 1084 3333 ἀπ’

72 3355 154 3407 οίκον
173 3353 218 3406 Ba
290 3358 325 3408 20
343 3347 534 3421 αναπραξασα
552 3354 577 3407 Α
650 3359 684 3408 23
705 3348 736 3407 έν
754 3353 792 3426 τῳ
813 3353 971 3420 φερωνείας
988 3351 1035 3406 vel
1054 3345 1086 3405 ἐν
1134 3406 1139 3413 ,

71 3445 110 3497 τῳ
96 3420 195 3494 ’ίερῳ
215 3424 395 3479 cBiioheler
475 3429 510 3478 24
533 3408 781 3511 συνηρπαγμένας
791 3424 817 3477 R
843 3419 1086 3492 συνισταμέναςΒ

74 3480 345 3566 συνηρραγμένοςο.
364 3494 467 3550 Reiske
540 3501 574 3550 25
593 3490 678 3568 ὀλίγῳ
697 3495 752 3550 del.
771 3494 913 3564 Kiessling
