2454 3916
539 217 702 279 -B‚-

111 376 222 465 χύρας
254 373 360 443 αὐτοῦ
391 377 645 463 ποιησαμένοις,
678 378 710 442 εἰ
741 374 920 460 βούλοιντο
957 379 1131 464 συμβῆναι

112 488 190 572 δίχα
221 485 369 570 πολέμου
400 480 483 569 πρὸς
513 481 633 568 αὐτόν,
666 479 747 566 ὅπερ
775 485 822 562 εἰς
850 478 1003 568 ἀνάγκην
1031 509 1130 551 κατα·

113 589 248 671 στάντες
280 591 450 676 ἐποίησαν.
504 597 618 677 οἰομαι
655 587 686 656 δ’
722 587 899 677 ἐπειδήπερ
937 586 1000 657 οὐκ
1037 594 1132 659 ἔστιν

113 697 291 787 ἐπιχεόριον
310 695 449 783 Ἕλλησι
476 695 515 765 τὸ
543 697 618 785 περὶ
644 694 725 775 τοὺς
752 690 966 783 εἰρηνοδίκας
991 693 1132 784 ἀρχεῖον

72 822 85 863 ⁵
113 803 298 891 ἀναγκαῖον
322 801 413 871 εἷναί
427 828 485 889 μοι
503 802 620 870 πόσων
638 803 694 871 καὶ
717 807 867 890 πηλίκων
890 803 959 870 ἐστὶ
977 804 1132 891 πραγμά-

111 937 181 979 των
202 910 323 999 κύριον
343 913 502 994 διελθεῖν,
523 913 581 978 ἵνα
598 923 669 989 τοῖς
687 905 852 996 ἀγνοοῦσι
875 906 936 997 τήν
954 907 1132 998 Ῥωμαίων

113 1014 301 1103 εὐσέβειαν,
328 1012 373 1103 ήν
400 1018 435 1084 οἰ
459 1016 534 1085 τότε
561 1014 684 1103 ἀνδρες
711 1014 928 1102 ἐπετήδευον,
955 1014 1002 1103 μή
1025 1016 1132 1105 παρά-

114 1124 217 1205 δοξον
240 1120 327 1191 εἶναι
350 1126 442 1212 φανῇ
465 1121 503 1191 τὸ
522 1121 650 1204 πάντας
672 1119 787 1201 αὐτοῖς
808 1119 846 1191 τό
870 1123 1049 1191 κάλλιστον
1074 1132 1132 1192 λα-

77 1222 187 1316 4βεῖν
215 1228 295 1309 τοὺς
321 1231 488 1317 πολέμους
515 1231 618 1310 τέλος.
661 1227 822 1297 ἀπάντων
847 1226 913 1317 γάρ
936 1224 1050 1298 αὐτόν
1073 1228 1133 1310 τάς

77 1353 103 1393 1⁰
116 1333 219 1426 ἀρχάς
249 1337 306 1404 καὶ
341 1335 401 1416 τάς
431 1334 612 1416 ὑποθέσεις
644 1333 882 1422 εὐσεβεστάτας
917 1335 1133 1422 φανήσονται

113 1443 335 1532 ποιησάμενοι
357 1443 413 1515 καί
436 1441 493 1511 διά
516 1447 616 1513 τοῦτο
644 1441 786 1530 μάλιστα
808 1441 887 1524 τοὺς
908 1440 1013 1523 θεοὺς
1037 1445 1133 1531 ἐσχη·

114 1550 207 1632 κότες
234 1553 271 1619 ἐν
298 1563 369 1630 τοῖς
395 1549 571 1630 κινδύνοις
598 1547 755 1638 εὐμενεῖς.
810 1547 941 1618 ἅπαντα
970 1549 1034 1636 μέν
1067 1543 1132 1618 οὖν

114 1656 178 1728 ὅσα
201 1655 375 1727 ἀνάκειται
397 1658 529 1736 τούτοις
551 1671 621 1736 τοῖς
644 1660 871 1745 εἰρηνοδίκαις
894 1658 1051 1725 ἐπελθεῖν
1075 1655 1133 1725 διὰ

113 1769 245 1851 πλῆθος
277 1761 319 1830 οὗ
352 1761 492 1853 ῥᾴδιον,
528 1761 752 1850 κεφαλαιώδει
790 1760 822 1829 δ’
856 1760 1038 1853 ἀπογραφῇ
1074 1767 1133 1852 δη-

75 1893 100 1934 ιο
114 1874 219 1938 λύσαι
250 1866 359 1938 τοιάδ’
394 1871 476 1936 ἐστι·
513 1869 696 1957 φυλάττειν
727 1873 784 1938 ἵνα
815 1869 944 1956 μηδένα
972 1866 1133 1958 Ῥωμαῖοι

114 1975 262 2063 πόλεμον
297 1977 492 2062 ἐξενέγκωσι
527 1974 612 2044 κατά
647 1980 811 2064 μηδεμιᾶς
843 1975 1034 2047 ἐνσπόνδου
1071 1977 1175 2047 πό-391

114 2093 197 2162 λεως
233 2081 369 2169 ἀδικον,
411 2080 587 2170 ἀρξάντων
624 2081 662 2150 δέ
698 2087 951 2172 παρασπονδεῖν
987 2089 1036 2163 εἰς
1073 2085 1133 2154 αά-

113 2187 192 2270 τοάς
220 2190 342 2278 ἑτέρων
370 2187 621 2276 πρεσβεύεσθαί
646 2214 681 2258 τε
707 2190 763 2258 καὶ
790 2188 831 2258 τά
859 2193 972 2258 δίκαια
994 2195 1133 2280 πρῶτον

115 2301 220 2366 αἰτεῖν
243 2296 349 2388 λόγῳ,
378 2294 437 2365 ἐάν
467 2295 505 2365 δὲ
532 2294 578 2383 μή
606 2302 792 2365 πείθωνται
814 2309 884 2376 τοῖς
907 2293 1134 2386 ἀξιουμένοις,

76 2370 183 2500 ,ῗτόί
211 2406 392 2492 ἐπικυροῦν
419 2402 480 2474 τὸν
503 2402 660 2491 πόλεμον.
706 2401 830 2492 ὁμοίως
860 2403 897 2472 δέ
918 2399 984 2472 κάν
1007 2402 1133 2475 ἀδικεῖ-

116 2516 203 2580 σθαί
225 2536 315 2590 τινες
341 2507 406 2580 ὑπὸ
426 2508 600 2598 Ῥωμαίων
628 2514 809 2580 ἔνσπονδοι
836 2511 990 2596 λέγοντες
1015 2510 1058 2580 τὰ
1084 2516 1135 2581 δί-

115 2645 193 2687 καια
226 2621 357 2704 αἰτῶσι,
390 2616 531 2697 τούτους
564 2616 800 2704 διαγινώσκειν
833 2614 912 2696 τοὺς
944 2615 1073 2704 ἀνδρας
1103 2628 1140 2688 εἰ

115 2752 147 2794 τι
174 2722 386 2792 πεπόνθασιν
416 2728 604 2793 ἔκσπονδον
631 2725 688 2792 καὶ
711 2725 769 2792 ἐάν
793 2722 917 2806 δόξωσι
941 2721 983 2792 τά
1006 2726 1135 2814 προσή-

115 2858 218 2901 κοντα
238 2833 389 2916 ἐγκαλεῖν
409 2830 488 2912 τοάς
506 2831 645 2918 ἐνόχους
666 2844 739 2910 ταῖς
761 2836 882 2910 αἰτίαις
902 2832 1137 2918 συλλαβόντας

29 2948 31 2955 ’
77 2955 103 2997 2⁶
118 2937 276 3017 ἐκδότους
307 2950 378 3018 τοῖς
414 2936 606 3026 ἀδικηθεῖσι
642 2937 870 3024 παραδιδόναι
907 2936 948 3006 τά
983 2963 1020 3007 τε
1056 2942 1135 3023 περὶ

16 3116 18 3121 .
116 3045 195 3126 τοὺς
217 3044 422 3135 πρεσβευτάς
443 3044 632 3134 ἀδικήματα
656 3044 801 3127 δικάζειν
827 3045 883 3112 καί
910 3043 951 3112 τά
975 3046 1051 3132 περὶ
1074 3044 1137 3126 τάς

118 3143 292 3240 συνθήκας
319 3150 396 3221 ὅσια
423 3152 605 3240 φυλάττειν
632 3151 771 3241 εἰρήνην
802 3177 837 3219 τε
871 3161 1044 3220 ποιεῖσθαι
1077 3156 1136 3223 καί

189 3345 421 3419 δάγνοοῦσινΑ
494 3343 587 3402 ’ἰτοτε
606 3347 653 3402 Bb
671 3366 701 3402 τε
720 3347 796 3402 ΑΒο
868 3310 1138 3406 8εῖναιΒοω.Βι

120 3427 152 3476 13
173 3418 339 3486 ἐπεξελθεῖν
368 3437 390 3476 ο.
414 3418 543 3475 Hertloin
566 3419 681 3474 Hermes
703 3418 728 3472 X
750 3437 778 3488 p
797 3424 851 3472 410
933 3424 967 3473 25
990 3415 1026 3473 τά
1049 3417 1083 3474 δέ
1109 3422 1136 3478 0

41 3566 44 3571 .
117 3509 186 3548 corr.
206 3491 336 3562 Sylburg
