2454 3916
570 218 735 268 -Γ-

147 373 186 442 δὲ
203 374 345 442 καὶτῶν
364 374 440 460 περὶ
453 377 567 461 φιλίας
585 370 711 460 ἠξίωσα
724 373 886 463 πρότερος
904 372 1020 462 ἀρχειν
1039 375 1164 463 λόγων.

145 477 241 568 ὑμεῖς
259 479 298 548 δέ
315 479 352 549 τὸ
372 479 453 569 μετὰ
470 485 569 549 τοῦτο
588 479 655 568 ήδη
675 491 867 568 σκοπεῖσθε,
882 482 1027 571 πότερον
1046 490 1164 551 οἴεσθε

147 591 220 656 δεῖν
243 588 319 676 περὶ
341 591 482 673 βοιδίων
505 588 560 656 καί
583 591 775 675 προβατίων
802 584 955 675 ἀρπαγής
979 587 1164 657 ἄσπειστον

145 694 294 782 πόλεμον
317 693 498 782 φυλάττειν
521 691 605 781 πρὸς
626 691 706 774 τοὺς
727 697 905 774 κτίσαντας
926 695 983 762 καί
1005 696 1163 783 πατέρας,

105 830 119 872 ε
146 803 183 869 έν
215 791 243 893 ᾧ
274 802 330 870 καί
361 801 584 889 κρατηθέντες
616 799 798 868 ἀπολεῖσθε
834 800 890 868 καί
925 800 1163 888 κρατήσαντες,

145 903 166 994 ή
190 907 431 995 διαλυσάμενοι
453 905 515 994 τήν
533 904 616 995 πρὸς
638 905 717 987 τοὺς
736 921 908 995 συγγενεῖς
932 914 1061 995 ἔχθραν
1080 906 1160 994 μεθ’

145 1011 242 1103 ήμῶν
275 1013 329 1082 ἐπὶ
359 1010 439 1092 τοὺς
470 1012 607 1094 κοινοὺς
639 1011 784 1100 έχθροής
815 1027 953 1101 χωρεῖν,
987 1017 1023 1082 οἵ
1049 1040 1090 1099 γε
1120 1012 1162 1083 οὐ

145 1120 254 1209 μόνον
290 1117 477 1187 ἀπόστασιν
513 1118 719 1204 ἐβούλευσαν
751 1116 811 1206 ἀφ’
841 1117 952 1208 ὑμῶν,
983 1118 1070 1189 ἀλλά
1102 1121 1212 1191 καὶ4ῖσ

145 1225 387 1312 ἐπανάστασιν,
420 1223 496 1294 οὔτε
533 1225 740 1305 πεπονθότες
781 1222 884 1295 οὐδέν
925 1225 1055 1303 δεινὸν,
1085 1227 1163 1298 οὔτε

107 1362 134 1403 ιο
146 1331 191 1422 μή
219 1333 356 1402 πάθωσι
384 1331 546 1418 δεδιότες,
574 1333 631 1400 καὶ
660 1329 734 1401 οὐδ’
760 1335 797 1401 ἐκ
822 1337 884 1403 τοῦ
912 1339 1064 1423 φανεροῦ
1091 1336 1163 1404 έπέ-

144 1450 247 1510 θεντο
275 1439 374 1530 ἡμῖν,
402 1437 447 1521 ὡς
475 1437 492 1507 ὁ
521 1436 636 1519 κοινὸς
663 1437 755 1520 ἀξιοῖ
778 1443 840 1508 τοῦ
867 1443 1017 1529 πολέμου
1044 1441 1162 1531 νόμος,

145 1546 218 1617 ἀλλ’
243 1546 309 1618 ὑπὸ
334 1546 489 1633 σκότους,
513 1545 559 1626 ὡς
587 1541 631 1614 ἀν
654 1542 772 1632 ήκιστα
795 1543 952 1616 ὑπίδοιτό
974 1574 1025 1628 τις
1047 1547 1162 1618 αὐτῶν

105 1654 206 1744 3τήν
230 1653 414 1742 ἐπιβουλήν
436 1654 492 1721 καί
515 1651 710 1740 φυλάξαιτο.
755 1649 840 1721 ἀλλά
863 1652 928 1743 γάρ
951 1653 1003 1723 ότι
1026 1655 1091 1743 μέν
1110 1658 1163 1726 ἐπὶ

144 1760 224 1841 τοὺς
246 1758 408 1840 ἀνοσίους
432 1758 638 1848 ἀνθρώπους
666 1760 755 1827 ίτέον
782 1756 863 1846 ήμῖν
891 1757 1004 1850 άπάση
1029 1767 1190 1853 σπονδή,

105 1886 131 1928 15
144 1864 431 1954 καταλυσαμένοις
456 1863 498 1932 τά
521 1869 605 1952 ἔχθη
628 1864 765 1954 (μανίας
786 1864 850 1955 γάρ
873 1866 1002 1955 θάτερα
1024 1866 1161 1960 ἀξιοῦν)

145 1972 191 2054 ὡς
227 1969 412 2058 ἐγνωκόσιν
448 1967 530 2058 ὑμῖν
565 1972 621 2039 καί
657 1970 860 2058 ποιήσουσιν
900 1971 1003 2043 οὐδέν
1041 1978 1161 2065 δέομαι

144 2084 246 2148 πλείω
275 2079 385 2165 λέγειν
412 2077 469 2146 καὶ
496 2077 792 2164 παρακελεύεσθαι.
838 2076 879 2148 δν
908 2080 946 2148 δέ
972 2081 1102 2169 τρόπον
1127 2086 1164 2152 αί

145 2185 316 2266 διαλύσεις
342 2184 441 2252 καλαὶ
467 2184 524 2252 καὶ
547 2185 782 2271 συμφέρουσαι
811 2185 957 2272 γένοιντ’
983 2183 1028 2257 ἀν
1051 2187 1161 2278 ἀμφο-

143 2296 255 2381 τέραις
281 2305 354 2372 ταῖς
380 2291 496 2359 πόλεσι
524 2292 638 2382 (τοῦτο
666 2288 729 2379 γάρ
753 2300 835 2373 ἴσως
856 2302 993 2362 ποθεῖτε
1016 2293 1160 2366 ἀκοῦσαι

103 2367 262 2495 ἓοπάλαι)
286 2403 352 2468 νῦν
375 2397 441 2485 ήδη
460 2396 661 2484 πειράσομαι
683 2399 802 2485 λέγειν.
844 2396 908 2486 ἐγὼ
933 2405 1058 2489 νομίζω
1081 2431 1160 2494 κρα-

142 2514 256 2588 τίστας
283 2507 345 2594 μὲν
373 2503 460 2575 εἶναι
489 2503 669 2592 διαλλαγὰς
695 2507 752 2574 καὶ
778 2507 1053 2594 πρεπωδεστάτας
1081 2531 1160 2600 συγ-

143 2617 256 2703 γενέσι
278 2612 335 2681 καὶ
357 2617 470 2700 φίλοις
490 2609 575 2700 πρὸς
597 2608 777 2699 ἀλλήλους,
805 2615 843 2682 έν
865 2609 917 2695 αἷς
941 2614 1043 2685 οὐδέν
1067 2620 1160 2687 ἐστιν

144 2728 283 2810 ἔγκοτον
307 2718 388 2790 οὐδὲ
410 2723 618 2807 μνησίκακον
645 2715 796 2806 ἀφέσεως
822 2718 925 2790 ἀπασι
946 2721 1031 2811 πρὸς
1053 2721 1160 2794 ἀπαν-

142 2856 202 2910 τας
228 2825 312 2916 ὑπὲρ
341 2818 390 2895 ὧν
423 2830 571 2913 ἔδρασαν
597 2821 618 2913 ή
648 2830 779 2895 ἔπαθον
806 2825 936 2897 ἀδόλου
962 2833 1205 2920 γινομένης,4εο

104 2956 131 3000 ω
144 2927 246 3023 ήττον
275 2935 313 3004 δὲ
340 2933 470 3003 τούτων
500 2932 687 3021 εὐπρεπεῖς,
718 2934 756 3001 έν
788 2928 842 3015 αἷς
872 2932 910 3003 τὸ
937 2935 1000 3023 μέν
1028 2942 1161 3026 πλῆθος

144 3042 323 3112 ἀπολύεται
355 3045 424 3110 τῶν
457 3040 688 3129 ἐγκλημάτων,
722 3043 757 3108 οἱ
785 3040 824 3108 δέ
855 3038 1077 3129 ἀδικήσαντες
1103 3043 1160 3113 ἀλ-

215 3209 231 3258 2
251 3202 423 3276 σκοπεῖ<τ>ε
442 3202 465 3255 Β
541 3207 557 3255 3
577 3195 727 3272 προβάτων
747 3201 770 3257 0
794 3217 863 3257 corr.
884 3200 973 3259 Cobet
992 3203 1056 3259 obs.
1076 3222 1105 3275 p.
1123 3209 1158 3259 59

143 3275 334 3400 προρατιδίων
351 3273 480 3363 ΒείρλσσηΙ
500 3267 635 3326 άπειστον
652 3273 678 3325 Α
751 3278 767 3327 ’λ
785 3273 883 3328 κοινοῦ
907 3275 952 3329 Ba
1024 3282 1040 3331 9
1061 3271 1158 3331 δεινόν

142 3342 552 3544 ηιρμηηα
566 3345 726 3542 μα
741 3343 1003 3472 εειιαιο
1028 3345 1157 3489 αα

143 3505 231 3558 μνης
447 3502 470 3558 ἠ
483 3506 547 3543 τιον
