2454 3916
526 226 692 282 -Α-
1075 230 1115 294 17

105 384 180 454 οῦτε
207 387 321 471 φῦλον
339 383 535 472 Ἑλληνικόν
569 377 611 455 οῦ
643 399 811 474 μετεῖχον,
844 386 922 457 οὔτε
952 387 1053 457 πόλιν
1083 391 1117 472 ἐξ

103 482 140 578 ἧς
161 488 409 578 ἀπανέστησαν,
433 489 509 559 ούτε
531 490 658 580 χρόνον
681 490 760 562 οὔδ’
785 493 938 583 ἡγεμόνα
950 499 1009 583 της
1022 493 1116 565 άποι-

102 603 174 678 κίας
196 594 277 666 οὔδ’
304 595 435 676 ὁποίαις
455 596 570 685 τύχαις
597 598 802 687 χρησάμενοι
824 599 887 688 τὴν
910 601 1116 690 μητρόπολιν

101 700 281 773 άπέλιπον·
317 702 498 796 Ἑλληνικῷ
534 729 570 771 τε
605 703 707 797 μύδω
748 705 954 794 χρησάμενοι
991 705 1116 777 οῦδένα

101 815 166 879 τῶν
193 809 235 879 τὰ
254 807 431 897 Ἑλληνικά
458 809 663 909 γραψάντων
685 811 872 900 βεβαιωτῆν
899 815 1142 902 παρέσχοντοῠ

101 915 136 985 τό
160 916 225 1004 μὲν
247 908 311 985 οῦν
326 913 451 1004 άληδὲς
474 915 564 997 ὅπως
575 915 646 986 ποτ’
663 923 738 1007 ἔχει,
761 917 903 1007 άδηλον·
926 925 958 988 εἰ
980 917 1008 988 δ
1025 922 1116 989 ἐστίν

102 1019 118 1090 ό
145 1021 285 1092 τούτων
309 1021 409 1108 λόγος
439 1020 551 1112 ύγιής,
580 1020 642 1091 ούκ
670 1020 713 1093 άν
741 1026 857 1114 ἑτέρου
883 1025 976 1105 τινὸς
997 1036 1115 1113 εἰησαν

65 1126 233 1199 δοῦποικοι
264 1131 386 1217 γένους
416 1125 437 1217 ἢ
470 1133 530 1198 τοῦ
567 1131 779 1218 καλουμένου
814 1136 880 1200 νῦν
909 1129 1115 1220 Ἀρκαδικοῦ.

101 1240 226 1324 πρῶτοι
249 1234 313 1324 γάρ
332 1233 505 1323 Ἑλλήνων
528 1227 621 1305 οῦτοι
643 1238 888 1322 περαιωθέντες
911 1236 971 1307 τόν
992 1236 1114 1307 Ἰόνιον
1133 1243 1154 1308 2

101 1343 227 1413 κόλπον
258 1342 396 1436 ᾤκησαν
424 1339 579 1430 Ἰταλίαν,
611 1341 754 1428 άγοντος
784 1340 909 1423 αύτούς
941 1343 1114 1429 Οἰνώτρου
1129 1366 1155 1406 10

100 1454 158 1519 τοῦ
174 1448 364 1528 Λυκάονος·
388 1441 432 1536 ἦν
455 1448 492 1516 δὲ
514 1452 660 1536 πέμπτος
682 1447 748 1518 άπό
769 1475 805 1518 τε
818 1452 953 1532 Αἰζειοῦ
975 1451 1030 1517 καί
1048 1455 1114 1519 Φο-

101 1557 235 1644 ρωνέως
260 1559 329 1624 τῶν
357 1554 499 1642 κρότων
522 1556 559 1623 ἐν
587 1554 839 1646 Πελοποννήσῳ
868 1555 1114 1625 δυναστευσάν-

100 1689 175 1733 των.
223 1661 411 1747 Φορωνέως
437 1661 500 1749 μέν
526 1659 591 1749 γάρ
619 1659 731 1746 Νιόβη
759 1666 900 1747 γίνεται·
927 1661 1049 1750 ταύτης
1076 1662 1113 1730 δὲ

59 1776 84 1828 81
99 1768 171 1847 υίὸς
194 1768 250 1835 καὶ
265 1764 361 1850 Διὸς,
385 1763 429 1845 ὥς
451 1768 588 1854 λέγεται,
611 1765 798 1852 Πελασγός·
821 1772 955 1850 Αἰζειοῦ
980 1769 1017 1837 δὲ
1039 1767 1113 1848 υἰδς

99 1872 257 1943 Λυκάων·
280 1871 405 1941 τούτου
428 1872 465 1940 δὲ
484 1870 673 1959 Δηιάνειρα
694 1871 861 1961 θυγάτηρ·
886 1875 922 1942 έκ
945 1874 982 1943 δὲ
1005 1884 1153 1961 Ama-1⁵

97 1988 211 2070 νείρας
237 1981 294 2048 καί
316 1983 496 2066 Πελασγοῦ
523 1977 670 2047 Λυκάων
693 1981 816 2068 ἕτερος·
843 1980 966 2050 τούτου
994 1980 1031 2048 δὲ
1055 1989 1111 2049 Οἰ-

97 2113 244 2178 νωτρος,
295 2085 512 2153 ἑπτακαίδεκα
557 2098 688 2170 γενεαίς
731 2083 897 2173 πρότερον
945 2090 1013 2155 τῶν
1059 2088 1111 2155 ἐπὶ

101 2199 226 2283 Τροίαν
254 2189 537 2280 στρατευσάντων.
582 2187 687 2277 ὁμὲν
710 2189 752 2277 δὴ
781 2190 911 2280 χρόνος,
935 2193 973 2261 έν
999 2184 1026 2286 ᾦ
1049 2192 1112 2279 τὴν

97 2297 254 2369 άποικίαν
286 2303 436 2366 ἔστειλαν
464 2299 624 2383 Ἕλληνες
655 2301 703 2375 εἰς
732 2294 896 2382 Ἰταλίαν,
930 2289 1028 2377 οὗτος
1059 2291 1111 2385 ἦν.

98 2403 265 2490 ἀπανέστη
290 2403 327 2472 δὲ
355 2407 414 2490 τῆς
435 2400 596 2481 Ἑλλάδος
620 2409 792 2490 Οἰνωτρος
820 2399 882 2470 ούκ
903 2399 1111 2490 άρκούμενος

97 2516 134 2602 τῇ
157 2517 275 2600 μοίρᾳ·
299 2509 362 2578 δύο
386 2507 450 2598 γάρ
472 2508 529 2576 καί
552 2517 657 2576 εἰκοσι
684 2511 817 2576 παίδων
842 2509 994 2576 Λυκάονι
1016 2535 1110 2594 γενο-

98 2621 209 2704 μένων
233 2621 281 2695 εἰς
302 2613 484 2694 τοσούτους
498 2617 565 2682 ἔδει
588 2613 733 2703 κλήρους
746 2616 935 2701 νεμηδηναι
956 2613 1019 2702 τὴν
1040 2612 1109 2702 Ἀρ-

98 2723 210 2792 κάδων
233 2721 355 2810 χιόραν.
378 2718 500 2807 ταύτης
522 2719 585 2807 μὲν
608 2719 651 2806 δὴ
674 2723 733 2806 τῆς
754 2724 862 2800 αἰτίας
885 2723 981 2790 ἕνεκα
1004 2729 1110 2791 Πελο-

99 2829 270 2917 πόννησον
303 2836 474 2912 Οἰνωτρος
509 2825 653 2894 ἐκλιπὼν
688 2827 745 2894 καί
780 2827 1110 2916 κατασκευασάμενος

98 2934 257 3006 ναυτικὸν
281 2939 403 3021 διαίρει
430 2931 491 3001 τὸν
511 2930 635 3001 Ἰόνιον
664 2931 816 3018 [πόντον]
845 2933 901 3001 καί
928 2933 993 3002 σὺν
1015 2931 1104 3027 αύτῷ
1121 2955 1147 2996 2⁵

1130 2373 1150 2436 3

1125 2461 1151 2501 20

164 3132 308 3199 8πρῶτοι
325 3131 351 3184 R
378 3125 474 3198 πρὸΒ
532 3133 565 3182 10
583 3123 690 3200 ᾤκισαν
713 3144 736 3182 ο.
760 3127 903 3198 Kiefleling
963 3134 995 3182 11
1015 3127 1108 3213 αἰζιοῦ
1169 3114 1172 3120 ’

103 3203 150 3257 AB
177 3204 302 3272 (ηκίκίκε
325 3219 344 3256 ο
363 3200 418 3254 Zeo
440 3201 515 3280 Eue.)
590 3203 623 3252 12
647 3199 798 3268 πράτονΒ
868 3205 977 3254 13-16
1005 3219 1110 3267 ταύτης

99 3271 128 3328 δὲ
141 3270 206 3336 υίὸς
214 3269 337 3328 Λυκάων
348 3269 442 3340 ἕτερος
456 3269 567 3327 omlsflis
581 3269 715 3324 mediisB
767 3276 800 3325 14
814 3269 906 3336 αἰζιοῦ
921 3271 947 3324 Α
1002 3275 1034 3324 11
1048 3271 1109 3336 δηϊ-

100 3338 212 3414 άνειρας
229 3345 255 3397 A
327 3348 361 3397 18
384 3341 528 3409 τροίανΒ
564 3342 645 3407 τροία
668 3341 694 3394 Α
766 3347 799 3396 25
823 3335 961 3396 ναυτικόν
984 3357 1037 3394 om.
1063 3339 1107 3411 B}

100 3413 236 3482 διαιρείΒ
254 3417 257 3482 Ι
273 3408 380 3468 πόντον
394 3411 499 3468 delevit
508 3409 650 3480 Kiessling
663 3405 785 3479 πόρονΒ
800 3411 875 3481 quod
893 3408 1109 3480 probatMoutz·

102 3499 147 3538 uer
163 3487 235 3540 Ann.
255 3483 326 3554 phil.
347 3488 415 3538 1877
434 3503 461 3554 p.
480 3488 533 3539 818
552 3476 659 3535 κόλπον
682 3481 794 3551 Βείελτο,
815 3481 978 3549 Ambrosch,
1001 3480 1110 3550 Kayser

150 3590 248 3632 Dmm.
262 3591 326 3631 ΗΔτι.
340 3589 359 3629 Ι.
373 3599 412 3630 το.
425 3591 528 3632 δευοιιτι
932 3575 948 3623 2
