2454 3916
525 235 692 284 ..Γ-

101 384 207 466 εόθυς
239 387 272 467 ἐξ
306 385 444 473 ἐφόδου.
496 393 531 456 οί
556 388 620 475 γὰρ
648 391 686 457 ἐν
718 387 809 482 αὐτῷ
836 392 1116 477 καταλειφθέντες

102 492 179 562 οὔτε
215 490 277 580 τὴν
317 498 550 581 κατασχοῦσαν
591 494 669 576 τοὺς
710 499 894 584 σφετέρους
934 496 1115 585 συμφορὰν

46 600 356 686 στεπροεγνωκότες
380 599 457 670 οὔτε
484 600 563 682 τοὺς
588 603 791 691 προσιόντας
822 608 929 685 ίππεϊς
951 610 1116 694 γνωρίσαι

101 704 158 775 διδι
181 705 218 776 τό
244 711 420 793 αἰφνίδιον
445 713 502 797 τῆς
530 709 659 797 ἐφόδου
687 712 893 797 δυνηθέντες
916 720 1035 780 είασαν
1057 709 1115 780 αό-

99 813 180 893 τοὺς
211 823 404 903 παρελθεῖν.
457 813 604 904 ἁλούσης
637 817 674 885 δὲ
709 822 769 904 τῆς
799 823 1012 906 παρασκευῆς
1047 785 1156 912 cdv}

100 926 260 991 Λατίνων
280 924 315 989 οί
336 921 398 1008 μὲν
417 920 672 1010 ἀναχωροῦντες
691 926 726 992 έκ
749 927 809 1012 τῆς
825 928 950 1013 τροπῆς
964 921 1053 1013 <ο5ς>
1068 928 1116 1004 είς

99 1027 235 1116 ἀσφαλῆ
268 1027 466 1116 καταφυγὴν
497 1026 563 1098 ὑπὸ
597 1034 666 1098 τῶν
695 1032 977 1119 καταλαβομένων
1010 1028 1116 1116 αὐτὴν

101 1137 230 1204 ίππέων
258 1131 472 1223 ἀπώλλυντο,
500 1139 536 1204 οί
560 1134 592 1203 δ’
618 1139 655 1205 ἐκ
682 1141 742 1205 τοῦ
775 1140 1006 1226 στρατοπέδου
1036 1136 1117 1224 φεύ-

101 1270 175 1329 γειν
209 1239 416 1331 ὁρμήσαντες
448 1247 496 1323 είς
526 1242 564 1312 τὸ
596 1247 717 1312 πεδίον
751 1242 817 1312 ὑπὸ
849 1248 908 1331 τῆς
934 1242 1119 1332 Ῥωμαϊκῆς

101 1348 275 1436 φάλαγγος
298 1346 401 1435 ὁμόσε
422 1349 598 1437 χωρούσης
615 1346 844 1437 ἀπέθνησκον,
869 1353 903 1419 οί
925 1349 963 1418 δὲ
981 1355 1118 1429 πλείους
1131 1375 1157 1417 ιο

101 1453 216 1525 αὐτῶν
247 1452 446 1541 ὠθούμενοί
469 1481 504 1523 τε
535 1452 592 1523 ὑπ’
628 1453 784 1543 ἀλλήλων
820 1456 877 1523 καὶ
912 1456 1117 1524 καταπατού.

102 1589 199 1651 μενοι
231 1563 306 1649 περὶ
340 1575 411 1641 τοῖς
444 1563 608 1644 σκόλοψιν
635 1559 656 1649 ἢ
684 1562 769 1632 κατδι
795 1562 854 1642 τὰς
910 1561 1029 1649 ’φρονς
1057 1559 1118 1629 τὸν

103 1669 272 1739 οἴκτιστόν
298 1695 335 1738 τε
361 1669 418 1737 καὶ
447 1668 691 1756 ἀγεννέστατον
717 1668 843 1756 τρόπον
903 1667 1118 1755 εφθάρησαν·

102 1774 183 1846 ὥστ’
208 1774 479 1862 ἠναγκάσθησαν
511 1780 546 1845 οί
572 1775 842 1866 περιλειπόμενοι
869 1778 928 1862 της
954 1779 1119 1861 σωτηρίας

103 1880 230 1953 οὐδένα
252 1881 362 1968 πόρον
385 1880 498 1971 εὑρεῖν
523 1883 709 1971 δυνάμενοι
737 1887 953 1969 παραδοῦναι
975 1894 1045 1961 τοίς
1067 1903 1118 1949 κε·
1133 1903 1159 1945 ιε

101 1990 306 2080 κρατηκόσιν
330 1988 478 2069 ἑαυτούς.
519 1991 702 2076 γενόμενος
725 1989 763 2058 δὲ
787 1987 805 2057 ὁ
832 1988 1018 2077 Ταρκύνιος
1040 1997 1119 2057 πολ·
1138 1993 1159 2059 5

103 2102 174 2166 λῶν
203 2095 367 2183 σωμάτων
395 2121 430 2165 τε
462 2098 519 2165 καί
545 2096 723 2185 χρημάτων
757 2096 916 2186 ἐγκρατὴς
947 2095 1027 2176 τοὺς
1058 2096 1119 2183 μὲν

103 2204 336 2293 αίχμαλοότους
363 2203 525 2290 ἀπέδοτο,
552 2202 593 2272 τὰ
622 2201 655 2271 δ’
685 2206 722 2272 έν
754 2207 799 2295 τῷ
832 2203 953 2291 χάρακι
980 2209 1120 2288 καταλη-

104 2311 238 2399 φθέντα
259 2323 330 2391 τοῖς
353 2310 569 2398 στρατιώταις
591 2313 777 2399 ἐχαρίσατο.

196 2419 298 2485 LIHI.
332 2421 446 2485 Ταῦτα
469 2417 737 2506 διαπραξόμενος
759 2416 812 2483 ἐπὶ
833 2413 894 2494 τὰς
915 2413 1029 2494 πόλεις
1052 2417 1119 2482 τῶν
1134 2435 1161 2477 κο

105 2530 264 2594 Λατίνων
287 2517 347 2611 ἦγε
370 2522 433 2611 τὴν
455 2524 620 2611 δύναμιν,
644 2520 690 2604 ὡς
711 2522 800 2611 μάχη
823 2519 882 2601 τὰς
902 2519 946 2607 μὴ
970 2539 1120 2608 προσχω-

106 2630 235 2719 ροόσας
253 2611 343 2723 αάτῷ
362 2629 669 2720 παραστησόμενος·
693 2631 734 2698 οὐ
754 2627 821 2716 μὴν
840 2628 957 2714 ἐδέησέ
972 2652 1011 2713 γε
1030 2624 1120 2718 αὐτῷ

49 2743 330 2826 σοοτειχομαχίας.
385 2736 530 2818 ἅπαντες
563 2736 629 2825 γὰρ
662 2741 710 2816 είς
748 2739 873 2814 ἱκεσίας
904 2733 960 2801 καὶ
992 2731 1122 2819 δεήσεις

106 2845 289 2932 ἐτράποντο
322 2844 379 2912 καλ
411 2847 565 2933 πρέσβεις
597 2841 662 2912 ἀπὸ
696 2846 760 2912 τοῦ
787 2845 907 2910 κοινοῦ
934 2841 1122 2927 πέμψαντες

106 2951 361 3020 καταλύσασθαι
379 2950 440 3020 τὸν
453 2951 602 3038 πόλεμον
620 2948 740 3035 ἠξίουν
758 2945 812 3036 ἐφ’
831 2944 882 3029 οἷς
899 2944 1000 3028 αὐτὸς
1017 2945 1120 3033 ἡβοό-
1135 2965 1161 3007 2⁶

106 3067 181 3127 λετο
209 3060 265 3128 καὶ
292 3057 352 3139 τὰς
377 3058 491 3138 πόλεις
522 3059 723 3145 παρέδοσαν.
777 3054 959 3143 γενόμενος
986 3053 1025 3122 δὲ
1050 3056 1157 3122 τῶν2

181 3224 195 3273 1
216 3216 444 3289 καταλιφθέντες
461 3217 485 3272 Β
504 3215 779 3287 καταληφθέντεςΑ
851 3221 867 3270 2
886 3209 1037 3284 συμφορὰν
1055 3207 1122 3274 τοδς

108 3290 263 3359 σφετέρους
282 3289 467 3361 OpraeterB
528 3295 545 3345 5
563 3288 742 3362 παρεμβολῆς
761 3304 783 3342 ο.
800 3289 901 3342 Portus
965 3291 981 3339 6
1001 3281 1038 3345 ὡς
1056 3282 1121 3338 add.

106 3360 252 3432 Kiessling
324 3356 508 3418 8ἀπόλνντο
522 3363 547 3415 Α
612 3366 645 3414 10
664 3356 694 3414 οἱ
710 3357 742 3413 δὲ
757 3360 783 3413 Α
801 3357 834 3413 οἴ
847 3356 913 3411 τεΒ
982 3358 1015 3407 18
1034 3372 1122 3439 κατα-

106 3431 307 3557 λειφθΑέτταΒ
363 3426 924 3502 21προςχωρσίσαςΒπροχωροίσηςΒ
955 3460 957 3465 -
985 3430 1018 3480 25
1040 3421 1122 3495 ἐβου-

106 3509 170 3561 λετο
