2454 3916
151 208 216 274 396
572 241 606 251 -
643 214 737 264 Γ-

151 370 263 441 αύτῶυ
300 374 391 442 ἐστιν
428 371 585 459 ἑκάτερον
623 369 776 459 είκοστὴυ
812 367 877 459 ἤδη
917 369 973 438 καὶ
1003 371 1170 460 τετάρτην

151 478 282 565 γενεάν.

240 587 337 654 LXX.
361 583 397 652 ‘O
416 584 453 653 δὲ
475 590 544 654 τῶν
564 584 803 663 οἰωνοσκόπων
823 585 1085 671 ἐπιφανέστατος
1103 581 1169 671 <ὁ>

150 690 229 772 τοὺς
251 690 388 779 βωμούς
410 691 704 781 μεθιδρυσάμενος
729 693 786 760 καὶ
809 689 848 761 τὸ
872 689 965 779 ίερδν
988 695 1049 759 τού
1073 688 1220 771 Διὸςσδτ

126 805 325 886 ετεμενίσας
347 800 402 868 καὶ
424 792 528 869 τάλλα
550 801 725 888 προλέγων
752 796 792 869 τά
814 808 894 867 θεία
916 800 962 890 τῷ
986 796 1082 888 δήμῳ
1107 797 1168 866 διά

151 909 311 994 μαντικῆς
342 904 443 986 αύτδς
476 905 537 994 μὲν
570 908 717 974 ἐκαλεῖτο
749 903 787 975 τὸ
818 903 938 973 κοινὸν
971 902 1079 991 ὄνομα
1110 905 1169 972 καὶ

151 1010 399 1099 προσηγορικὸν
422 1015 562 1097 Νέβιος,
590 1010 628 1080 τὸ
661 1011 700 1080 δὲ
732 1009 933 1098 συγγενικὸν
951 1009 1098 1097 Ἄττιος,
1131 1007 1170 1091 δς

151 1115 311 1185 ἁπάντων
346 1120 608 1205 θεοφιλέστατος
649 1115 861 1205 ὁμολογεῖται
897 1118 1059 1203 γενέσθαι
1094 1121 1168 1186 τῶν

151 1221 384 1309 ἀκριβούντων
420 1222 482 1311 τὴν
519 1225 640 1311 τέχνην
676 1225 732 1292 καὶ
768 1229 927 1311 μεγίστου
963 1233 1078 1310 τυχεῖν
1115 1222 1166 1292 δι’

113 1352 139 1392 10
153 1327 259 1417 αύτηυ
288 1327 453 1418 ὀνόματος
479 1329 639 1410 ἀπίστους
668 1329 763 1410 τινάς
789 1328 977 1419 ύπερβολάς
1005 1335 1065 1417 τῆς
1087 1336 1167 1399 οίω-

151 1441 355 1524 υομαυτικῆς
387 1437 568 1525 ἐπιστήμης
600 1436 860 1525 ἐπιδειξάμενος·
893 1428 942 1507 ὧν
974 1436 1038 1523 ἐγὼ
1071 1443 1166 1525 μίαν,

151 1539 195 1630 ἣν
224 1541 366 1630 μάλιστα
392 1543 602 1631 τεθαύμακα,
631 1544 929 1632 προχειρισάμενος
960 1545 1024 1631 ἐρῶ
1052 1569 1167 1632 προει-

151 1647 226 1717 πών
254 1651 286 1730 ἐξ
315 1652 388 1730 οίας
415 1647 578 1738 ὁρμηθεὶς
604 1656 785 1738 συντυχίας
806 1650 862 1718 καὶ
890 1655 986 1731 τίνας
1008 1649 1167 1738 ἀφορμὰς

152 1755 258 1843 παρά·
273 1760 334 1825 τού
365 1759 546 1843 δαιμονίου
576 1755 690 1843 λαβὼν
721 1756 890 1844 τοσαύτην
921 1763 1016 1844 ἔσχεν
1044 1757 1165 1845 ἐπιφύ-

113 1883 139 1924 15
152 1889 264 1947 νειαυ,
302 1861 386 1932 ὥστε
421 1862 549 1943 πάντας
583 1862 727 1949 ἀζήλους
762 1865 935 1945 ἀποδείξαι
970 1862 1050 1944 τούς
1081 1863 1167 1933 κατά

112 1964 214 2056 2τὴυ
243 1967 348 2056 αὐτὴν
376 1969 589 2057 ἀκμάσαντας
617 1968 761 2056 ἡλικίαν.
809 1972 912 2058 πένης
938 1968 1039 2062 αὐτῷ,
1057 1970 1167 2060 πατὴρ

153 2078 284 2161 ἐγένετο
308 2082 432 2164 χωρίου
456 2074 584 2156 εὐτελὲς
606 2080 780 2165 γεωργῶν,
806 2068 834 2169 ᾦ
856 2076 897 2146 τά
918 2103 954 2146 τε
977 2076 1062 2146 ἀλλα
1086 2098 1168 2147 συν-

152 2181 319 2271 ειργάζετο
350 2197 428 2263 παῖς
460 2179 509 2253 ἀν
541 2180 728 2269 ύΝέβιος,
760 2182 824 2252 ὅσα
855 2197 926 2263 τοῖς
955 2184 1169 2270 τηλικούτοις

154 2270 298 2376 δύναμις
318 2282 378 2376 ἦν,
400 2290 456 2358 καὶ
480 2287 539 2368 τάς
560 2280 602 2367 ύς
623 2287 812 2369 ἐξελαύνων
836 2293 982 2374 ἔβοσκεν.
1023 2289 1220 2360 &noxve-⁶88

113 2423 139 2463 τι
154 2398 274 2484 μηθεὶς
291 2398 337 2465 ’δέ
356 2421 436 2466 ποτε
458 2397 514 2464 καὶ
537 2395 617 2483 μετά
635 2393 698 2482 τὴν
722 2397 889 2482 ἐξέγερσιν
913 2395 975 2483 ούχ
998 2394 1166 2485 εὑρίσκων

152 2501 247 2582 τινάς
268 2507 338 2572 τῶν
360 2500 432 2571 ύων
455 2504 536 2582 τέως
557 2501 619 2591 μὲν
642 2506 752 2570 έκλαιε
773 2500 832 2583 τάς
849 2500 977 2589 πληγὰς
1000 2501 1168 2590 ὀρρωδῶν

108 2640 113 2648 ·
152 2609 210 2690 τὰς
232 2608 321 2696 παρά
344 2613 405 2678 τού
427 2611 568 2697 πατρός,
598 2607 697 2677 ἔπειτ’
724 2606 836 2677 έλθάν
860 2611 913 2677 ἐπὶ
935 2607 998 2696 τὴν
1020 2611 1168 2679 καλιάδα

152 2716 215 2803 την
242 2718 280 2784 ἐν
307 2719 353 2808 τῷ
380 2721 492 2807 χωρίῳ
519 2717 775 2804 καθιδρυμένην
806 2713 928 2803 ἡρώων
959 2713 1058 2803 ἠξίου
1086 2716 1168 2798 τούς

152 2821 266 2911 ἥρωας
288 2825 502 2909 συνεξευρεῖν
530 2820 619 2914 αὐτῷ
647 2819 706 2901 τάς
732 2812 788 2908 ὗς,
818 2824 1005 2909 γενομένου
1028 2823 1067 2891 δέ
1089 2824 1168 2893 τού-

113 2952 140 2993 25
153 2955 216 2997 του
238 2928 361 2996 θύσειν
384 2926 498 3010 αὐτοῖς
520 2926 679 3016 ὑπέσχετο
702 2927 763 2996 τὸν
783 2930 940 3016 μέγιστον
958 2932 1027 2997 των
1050 2931 1087 2997 ἐκ
1105 2936 1168 2999 τοῦ

114 3034 135 3097 3
154 3041 281 3124 χωρίου
304 3033 468 3121 βοτρύων
508 3033 618 3123 εὑρὼν
642 3034 679 3103 δέ
702 3032 774 3122 μετ’
796 3033 853 3103 ὀλί
838 3040 912 3121 ίγον
934 3033 994 3115 τάς
1010 3026 1051 3115 ὗς
1070 3037 1168 3123 ἐβού-

154 3273 170 3321 ι
195 3189 593 3321 ιοτινινν
616 3194 923 3353 σύκων
933 3193 1168 3321 εοεαε

155 3261 342 3393 11ὁάποδει’
307 3284 538 3424 ξάάδεενοςεΒυΛῃ
524 3286 598 3390 δντάι
646 3272 692 3390 ⁸1²1
704 3333 840 3421 λαβόντος
854 3330 946 3404 αύτὴν
959 3335 1005 3390 Ba
1058 3285 1168 3393 18ωύαί-

154 3412 214 3478 βιος
236 3409 283 3462 Ba
367 3415 401 3463 19
424 3429 461 3493 ην
484 3408 538 3462 del
561 3407 663 3463 Reiske
750 3414 783 3463 23
808 3428 860 3476 την
881 3407 937 3461 τῶν
961 3402 993 3462 ἐν
1016 3427 1057 3462 τω
1074 3410 1167 3481 χωρίῳ

154 3476 407 3551 καθιδρυμένων
393 3475 494 3549 ηρύων
513 3497 536 3535 ο.
554 3477 658 3535 Reiske
