2454 3916
517 225 680 280 -B-

86 389 182 474 ρείας
214 383 365 466 ἐξελάσαι
396 385 455 472 τῆς
491 388 598 466 οἰκίας
630 385 865 471 ἐπιτρέψαντες
896 370 1019 464 αότοδς
1049 384 1106 452 καὶ

86 491 241 580 χρήματα
264 489 308 579 μη
332 498 536 577 καταλιπεῖν,
559 491 743 580 περαιτέρω
767 489 806 559 δέ
828 487 941 560 οὐδέν.
981 490 1047 559 είσλ
1071 489 1102 557 δ’

50 629 72 649 ‘
88 596 152 686 οὐχ
175 599 288 666 ἱκαναὶ
311 611 487 685 κατασχεῖν
512 596 635 666 ἀνοιαν
656 596 814 686 νεότητος
835 598 892 666 καὶ
914 595 1105 666 αάθάδειαν

87 703 225 793 τρόπων
250 701 325 773 οὐδ’
346 708 394 785 είς
415 702 454 773 τὸ
478 708 617 794 σῶφρον
641 702 781 792 ἀγαγεῖν
799 703 879 786 τοὺς
900 701 1107 792 ἠμεληκότας

87 814 159 880 τῶν
181 813 295 878 καλόν
318 814 356 879 αί
376 813 520 898 μαλακαί
542 816 713 899 τιμωρίαι·
744 809 916 898 τοιγάρτοι
937 809 1044 880 πολλὰ
1068 812 1106 879 ἐν
1133 835 1147 878 ι
1185 835 1199 897 ,’

78 916 244 1005 Ἕλλησιν
267 913 333 985 ὑπὸ
356 918 484 985 τέκνων
508 921 555 997 είς
577 919 720 1005 πατέρας
737 915 985 1005 ἀσχημονεῖται.
1025 914 1044 986 ὁ
1068 915 1147 986 δέ4

88 1027 160 1094 τῶν
182 1021 355 1111 Ῥωμαίων
383 1026 573 1112 νομοθέτης
604 1022 738 1094 ἅπασαν
768 1019 814 1104 τός
843 1027 949 1093 είπεῖν
982 1026 1107 1092 ἔδωκεν

90 1132 247 1211 ἐξουσίαν
275 1132 375 1218 πατρὶ
402 1127 483 1199 καθ’
509 1133 590 1199 υίοῦ
616 1131 672 1199 καὶ
704 1130 794 1220 παρὰ
821 1130 932 1200 πάντα
958 1128 1019 1200 τόν
1047 1133 1108 1199 τοῦ

89 1240 171 1324 βίου
193 1236 337 1326 χρόνον,
360 1237 420 1306 ἐόν
443 1264 478 1306 τε
501 1245 642 1325 είργειν,
670 1235 731 1305 ἐόν
758 1264 793 1306 τε
822 1240 1024 1325 μαστνγοῦν,
1048 1236 1108 1306 έάν
1159 1281 1162 1288 -

89 1367 127 1411 τε
163 1343 302 1430 δέσμιον
339 1344 392 1411 ἐπὶ
432 1346 501 1411 των
543 1340 615 1411 κατ’
655 1339 762 1430 ἀγρὸν
803 1348 913 1431 ἔργων
947 1338 1109 1431 κατέχειν,
1122 1373 1148 1412 ιο

91 1446 154 1518 έάν
184 1475 220 1517 τε
253 1447 498 1517 ἀποκτιννύναι
530 1452 746 1538 προαιρῆται,
782 1445 847 1518 κάν
882 1448 923 1519 τά
955 1446 1109 1518 πολιτικά

90 1554 248 1643 πράττων
281 1554 299 1625 ό
331 1569 410 1636 παῖς
441 1554 508 1642 ἤδη
541 1556 689 1645 τνγχάνη
721 1551 786 1625 κᾶν
819 1558 856 1625 ἐν
888 1554 1007 1646 ἀρχαῖς
1036 1569 1109 1636 ταῖς

92 1667 264 1750 μεγίσταις
300 1661 530 1749 ἐξεταζόμενος
565 1657 631 1730 κάν
669 1659 726 1731 διά
756 1660 819 1749 τὴν
855 1667 904 1743 είς
934 1661 975 1731 τά
1010 1659 1109 1731 κοινά

93 1772 289 1857 φιλοτιμίαν
325 1767 574 1854 ἐπαινούμενος.
626 1766 709 1838 κατά
741 1767 864 1838 τοῦτόν
896 1770 938 1855 γέ
965 1794 1018 1836 τοι
1047 1765 1149 1836 τδυ5

46 1876 207 1964 ι93νόμον
235 1875 358 1964 ἀνδρες
394 1877 567 1961 ἐπιφανεῖς
599 1879 806 1962 δημηγορίας
838 1875 1020 1958 διεξιόντες
1055 1875 1109 1943 ἐπὶ
1123 1902 1149 1945 ιε

93 1987 162 2052 τῶν
190 1981 345 2069 ἐμβόλων
373 1983 527 2061 ἐναντίας
554 1981 616 2069 μὲν
649 1985 689 2069 τῇ
717 1985 839 2071 βουλῇ,
869 1982 1110 2069 κεχαρισμένας

95 2090 134 2159 δέ
164 2103 235 2169 τοῖς
267 2092 475 2176 δημοτικοῖς,
506 2092 563 2156 καί
596 2087 731 2175 σφόδρα
763 2086 1020 2174 εὐδοκιμοῦντες
1056 2086 1110 2154 ἐπὶ

94 2197 230 2292 ταύταις
251 2196 542 2276 κατασπασθέντες
564 2194 630 2264 ἀπὸ
653 2199 715 2264 τοῦ
735 2194 884 2283 βήματος
906 2192 1109 2281 ἀπήχθησαν

95 2301 160 2372 ὑπὸ
192 2305 262 2371 τόν
292 2305 464 2390 πατέρων,
496 2299 540 2390 ἣν
573 2298 617 2370 ἀν
649 2303 790 2381 ἐκείνοις
821 2303 913 2388 φανῇ
944 2304 1109 2386 τιμωρίαν

94 2408 289 2498 ὑφέξοντες·
322 2405 383 2489 οδς
409 2406 644 2496 ἀπαγομένους
672 2406 729 2476 διά
755 2411 815 2494 τῆς
842 2403 968 2492 ἀγοράς
998 2402 1110 2484 οὐδεὶς
1124 2434 1151 2474 ιο

94 2523 163 2587 τῶν
182 2515 361 2604 παρόντων
383 2518 555 2599 ἐξελέσθαι
575 2512 720 2593 δυνατὸς
737 2505 781 2600 ἦν
797 2511 873 2581 οότε
891 2509 1017 2590 ὕπατος
1034 2509 1111 2579 οὔτε

97 2624 268 2712 δήμαρχος
292 2622 368 2692 οὔτε
392 2620 409 2691 ὁ
430 2620 695 2709 κολακευόμενος
716 2616 773 2688 ὑπ’
796 2617 908 2688 αὐτῶν
925 2618 982 2685 καὶ
999 2621 1112 2686 πᾶσαν

96 2733 254 2813 ἐξουσίαν
277 2729 400 2798 ἐλόττω
423 2733 483 2816 τῆς
513 2732 601 2808 ίδίας
628 2725 716 2796 εἶναι
743 2731 890 2814 νομίζων
913 2723 1020 2811 όχλος.
1066 2727 1150 2796 ἐῶὅ

96 2835 160 2924 γὰρ
184 2839 295 2924 λέγειν
319 2834 421 2916 όσους
443 2833 640 2903 ἀπέκτειναν
664 2837 698 2902 οἱ
718 2835 856 2921 πατέρες
879 2831 1007 2921 ἀνδρας
1030 2828 1111 2917 ἀγα-

66 2961 69 2965 ’
96 2942 184 3022 θοὺς
206 2940 263 3011 ὑπ’
290 2940 409 3029 ἀρετῆς
430 2942 486 3009 καὶ
509 2945 703 3028 προθυμίας
730 2939 846 3027 ἔτερόν
874 2966 906 3008 τι
931 2938 1111 3029 διαπρόξα-
1125 2961 1151 3003 ω

106 3150 110 3156 “
171 3144 187 3191 2
212 3134 379 3219 περαιτέρωι
402 3138 425 3191 Β
507 3145 522 3192 6
545 3131 602 3192 ὑπὸ
626 3136 734 3192 τέκνων
760 3133 801 3198 είς
820 3136 948 3218 πατέρας
966 3138 991 3189 Α
1016 3132 1058 3198 είς
1081 3154 1110 3189 π.

97 3205 155 3264 ἀπὸ
175 3229 198 3263 τ
217 3209 243 3262 Β
267 3211 271 3278 Ι
296 3207 368 3262 Hine
391 3225 479 3334 usque
502 3208 539 3263 ad
564 3214 657 3276 193,1
686 3209 716 3262 in
729 3205 865 3292 margine
888 3208 911 3292 Β
939 3205 1111 3289 adscriptum

99 3283 144 3336 εεῖ
162 3275 205 3349 σή
225 3273 268 3334 ότι
291 3280 393 3365 πάσριν
412 3275 553 3366 ἐξουσιαν
567 3249 649 3366 εἶχέν
666 3272 737 3345 έξ’
720 3277 814 3348 αρχῶν
837 3273 929 3345 πατὴρ
954 3272 1026 3330 κατὰ
1045 3272 1110 3329 υἱον

97 3342 305 3478 ἰ’ἓαέιῖἷιλάἷ
322 3344 419 3476 όόωό
438 3344 597 3507 Μεὲιζῖι,
614 3347 749 3480 ”issssssss‘a
774 3436 797 3474 ι
816 3344 1112 3485 ἀξόέὲῗρὶἑῖέέέ

98 3511 154 3548 σαν
173 3442 415 3562 ΟνφοοηςΒεὶέλςε
488 3498 522 3548 25
539 3486 581 3547 ἀπ
584 3487 635 3546 Β
653 3485 726 3559 υπὲρ
744 3490 770 3544 Β
