2454 3916
510 249 674 303 -B-

26 426 199 494 διτχουσα
221 411 282 476 τοῦ
304 408 433 496 κόσμου
455 408 561 478 τόπον
587 407 647 490 τὰς
672 403 812 490 άνάψεις
834 414 895 478 τοῦ
918 413 1099 497 μεταρσίου

86 527 230 583 ποιεῖται
257 510 363 603 πυρός
389 512 449 601 ἀφ’
477 516 604 602 ἑαυτῆς.
654 516 719 583 είσί
747 517 787 584 δέ
815 542 905 595 τινες
933 519 969 583 ολ
993 534 1098 602 φασιν

88 623 150 702 ἔξω
178 624 240 689 τοῦ
267 618 375 710 πυρὸς
401 617 572 710 άπόρρητα
603 636 674 701 τοῖς
700 629 837 701 πολλοῖς
865 619 938 709 ίερδι
964 628 1103 690 κεῖσθαί

48 755 50 758 ’
85 754 163 795 τινα
191 729 228 795 έν
254 731 302 820 τῷ
330 729 459 815 τεμένει
491 733 550 815 τῆς
576 731 675 814 θεάς,
703 719 752 796 όν
780 731 874 797 οἵτε
903 727 1099 816 ἱεροφάνται

86 830 150 921 τὴν
179 837 310 920 γνῶσιν
343 840 457 922 έχουσι
488 836 544 904 καὶ
576 837 614 902 αί
633 837 817 925 παρθένοι,
847 834 1027 923 τεκμήριον
1058 832 1126 902 οόι

87 938 209 1029 μικρὸν
237 941 460 1030 παρεχόμενοι
487 945 548 1010 τοῦ
575 939 746 1028 λόγουτὸ
774 939 907 1028 συμβάν
934 941 1010 1029 περί
1037 940 1099 1028 τὴν

88 1053 254 1135 ἔμπρησιν
286 1051 347 1116 τοῦ
382 1051 476 1137 ίεροῦ
506 1047 590 1117 κατὰ
625 1047 687 1117 τὸν
722 1047 918 1118 Φοινικικὸν
950 1047 1100 1138 πόλεμον

86 1154 148 1224 τὸν
175 1158 310 1241 πρῶτον
339 1154 507 1224 συστάντα
528 1152 705 1243 Ῥωμαῖοις
730 1153 814 1245 πρὸς
841 1159 1101 1244 Καρχηδονίους

86 1263 164 1351 περὶ
191 1268 357 1342 Σικελίας.
404 1263 654 1352 ἐμπρησθέντος
679 1260 744 1351 γάρ
771 1267 833 1331 τοῦ
859 1265 1019 1349 τεμένους
1045 1263 1100 1331 καλ
1118 1260 1152 1325 4Ι

85 1373 155 1438 τῶν
181 1368 365 1457 παρθένων
393 1373 594 1456 φευγουσῶν
628 1369 663 1437 έκ
690 1372 751 1437 τοῦ
783 1367 889 1456 πυρὸς
917 1372 986 1437 τῶν
1015 1372 1100 1456 ίερο-
1115 1385 1141 1423 10

87 1479 227 1562 φαντῶυ
254 1502 304 1555 τις
332 1474 475 1554 Λεόκιος
496 1480 672 1553 Καικίλιος
699 1471 717 1542 ὁ
745 1473 952 1561 καλούμενος
974 1477 1100 1543 Μέτελ
1137 1554 1142 1562 .

87 1590 147 1661 λος
169 1579 256 1678 άνὴρ
280 1578 454 1667 ὑπατικός,
483 1578 501 1649 ό
528 1579 589 1650 τὸν
612 1579 770 1668 ἀοίδιμον
798 1583 834 1649 ἐκ
856 1585 1014 1661 Σικελίας
1036 1578 1100 1648 άπὸ

90 1692 339 1779 Καρχηδονίων
380 1685 578 1774 καταγαγὼν
619 1685 704 1757 όκτοδ
744 1689 800 1756 καί
840 1685 1007 1776 τράκοντα
1045 1687 1102 1755 καὶ

87 1794 207 1864 ἑκατόν
244 1795 438 1882 ἐλεφάντων
478 1799 667 1883 θρίαμβον,
708 1790 878 1893 ὑπεριδὼν
918 1797 977 1880 τῆς
1014 1796 1103 1873 ίδίας

87 1900 273 1991 άσφαλείας
308 1904 370 1970 τοῦ
405 1904 503 1990 κοινῇ
545 1903 777 1990 συμφέροντος
814 1903 910 1970 ἕνεκα
945 1923 1102 1988 παρεκιν-
1116 1913 1141 1955 1⁶

87 2007 253 2077 δόνευσεν
286 2013 334 2088 είς
365 2004 405 2075 τά
436 2007 598 2095 καιόμενα
630 2007 816 2094 βιάσασθαι
847 2008 903 2076 καὶ
935 2004 976 2076 τά
1004 2034 1102 2088 κατα-

86 2116 274 2202 λειφθέντα
300 2112 366 2183 ὑπὸ
394 2117 463 2183 τῶν
494 2116 679 2203 παρθένων
706 2112 857 2203 ἁρπάσας
886 2112 958 2202 ίερδ
986 2116 1102 2184 διέσω-

86 2239 147 2290 σεν
180 2223 216 2290 ἐκ
247 2224 308 2290 τοῦ
340 2220 460 2309 πυρός·
493 2218 546 2307 ἐφ’
577 2212 605 2312 ᾦ
636 2218 733 2309 τιμάς
761 2218 853 2308 παρά
884 2224 943 2307 τῆς
974 2220 1103 2301 πόλεως

87 2329 287 2415 ἐξηνέγκατο
311 2327 470 2416 μεγάλας,
494 2325 539 2407 ὡς
565 2325 586 2414 ἡ
610 2331 669 2414 τῆς
696 2325 829 2406 είκόνος
855 2325 960 2395 αὐτοῦ
983 2331 1041 2413 τῆς
1064 2329 1101 2395 έν

86 2441 292 2528 Καπιτωλίφ
324 2437 478 2523 κειμένης
510 2433 676 2522 ἐπιγραφὴ
709 2445 877 2523 μαρτυρεῖ.
930 2436 1031 2512 τοῦτο
1061 2430 1103 2520 δὴ

86 2541 251 2629 λαβόντες
283 2539 557 2630 ὁμολογούμενον
589 2539 874 2609 έπισυνάπτουσιν
902 2535 999 2607 αὐτοὶ
1028 2558 1103 2608 στο-

22 2675 83 2728 3¹18
91 2647 242 2736 χασμοός
263 2674 359 2727 τινας
382 2652 505 2734 ίδίους,
535 2650 570 2716 οί
595 2645 657 2734 μὲν
681 2649 807 2714 ἐκτῶν
831 2647 868 2714 ἐν
891 2645 1103 2736 Σαμοθράκῃ

85 2755 242 2841 λέγοντες
270 2757 370 2843 ίερῶν
398 2768 521 2842 μοῖραν
549 2750 640 2821 είναί
663 2778 739 2821 τινα
762 2754 1018 2840 φυλαττομένην
1040 2750 1103 2840 τὴν

87 2860 232 2947 ἐνθάδε,
270 2859 458 2948 Δαρδάνου
500 2859 562 2948 μὲν
585 2853 651 2940 ἐίς
685 2856 747 2945 τὴν
788 2856 848 2947 ὑφ’
880 2861 1001 2928 ἑαυτοῦ
1037 2886 1104 2928 κτι-

86 2977 234 3036 σθεῖσαν
266 2965 366 3036 ιιόλιν
399 2970 435 3036 έκ
456 2971 525 3054 της
554 2966 663 3054 νόσου
694 2964 735 3035 τά
767 2966 840 3056 ίερδι
870 2969 1104 3055 μετενεγκαμέ-
1118 2986 1144 3028 25

1117 2402 1139 2467 5

1117 2491 1144 2531 20

163 3238 180 3288 5
198 3236 264 3305 post
279 3229 374 3302 ἔχουσι
388 3234 528 3303 Kiessling
541 3228 625 3304 μόνοι
640 3231 776 3289 excidisse
790 3236 885 3287 οεοεεί
938 3238 970 3286 11
985 3230 1104 3304 ικε>ιιί-

89 3307 191 3370 λιοςΒ
264 3309 297 3359 15
316 3300 558 3374 παρεκινδόνευσε
577 3308 603 3359 Α
675 3310 710 3360 20
728 3304 891 3377 καπετωλίφ
909 3304 953 3372 B!
973 3302 1105 3373 κειμένης

88 3378 229 3434 Bficheler
265 3371 455 3445 ἀνακειμένης
476 3375 580 3430 Reiske
616 3375 816 3447 γενομένηςΟ
903 3380 935 3428 21
960 3368 1104 3435 αότοίςΟ

91 3456 126 3505 23
145 3469 209 3504 τινα
229 3445 444 3518 φυλαττομένην
463 3447 486 3500 Β
508 3447 546 3501 τό
566 3444 662 3501 αἰνεία
681 3443 895 3516 φυλαττομένην
913 3446 939 3499 R
961 3463 1024 3498 τινα
1044 3447 1104 3498 δια-

92 3516 311 3590 φυλαττομένην
329 3535 352 3575 ο.
373 3516 495 3573 Sintenis
513 3500 574 3574 mn.
594 3517 676 3575 Dion.
695 3520 708 3572 I
725 3535 753 3587 p.
773 3521 806 3571 17
848 3551 851 3557 -
