2454 3916
142 207 183 272 78
564 207 729 259 -Α-

140 394 203 435 κου
188 367 366 446 Κάπυος.
391 369 521 453 λε’γεται
545 365 583 434 δὲ
605 369 709 434 ταῦτα
722 363 838 445 άλλοις
859 392 894 433 τε
916 365 972 433 καὶ
992 363 1153 456 Ἀριαίθῳ

100 476 231 565 2<τῷ>
247 472 414 562 γράψαντι
436 500 476 541 τα
462 470 678 561 Ἀρκαδικά.
707 476 759 539 είσ
725 472 772 539 ίσλ
787 470 953 540 όῖὲκαὶο
937 475 1073 561 ἱόεῦρο
1093 471 1155 560 μὲν

140 577 405 667 ἀφικέσθαιτὸν
429 583 572 647 Αίνείαν
596 582 863 667 μυθολογοῦσιν,
887 577 929 647 ού
951 581 1068 666 μέντοι
1090 578 1153 666 τήν

140 714 177 772 γε
199 685 356 774 τελευτὴν
380 685 469 779 αύτῷ
492 689 554 754 τού
577 691 656 771 βίου
686 700 868 772 συμπεσεῖν
892 687 930 753 ἐν
952 690 1063 767 τοϊςθε
1086 700 1157 765 τοῖς

113 800 285 881 εχωρίοις,
308 791 381 861 ἀλλ’
408 795 444 861 ἐν
465 791 604 883 Ἰταλία,
628 790 673 873 ὡς
695 790 795 861 άλλοί
814 820 849 861 τε
871 794 990 861 πολλοὶ
1014 797 1157 880 δηλοῦσι

138 902 195 969 καὶ
215 900 423 988 Ἀγάθυλλος
452 897 569 987 Ἀρκάς
601 897 619 967 ὁ
647 898 785 987 ποιητὴς
816 902 854 968 ἐν
882 903 1014 992 ἐλεγείῳ
1047 903 1156 986 λέγων

143 998 227 1074 τόδε·

198 1151 285 1216 ἵκετο
310 1147 341 1215 θ’
364 1146 555 1234 Ἀρκαδίην,
579 1149 685 1241 Νήσῳ
710 1147 742 1215 θ’
769 1148 947 1234 ἐγκάτθετο
969 1152 1094 1230 παῖδας

199 1256 304 1340 δοιάς,
327 1255 501 1341 Κωδώνης
526 1259 644 1343 λέκτρα
666 1256 723 1323 καὶ
743 1253 958 1341 Ἀνθεμόνης.

100 1390 126 1430 10
198 1361 353 1442 αύτὸςό’
374 1355 554 1451 Ἑσπερίην
580 1368 676 1431 ἔσυτο
700 1361 822 1449 χθόνα,
846 1359 1035 1447 γείνατοό’
1061 1357 1121 1430 υἷα

193 1469 375 1558 Ρωμύλον.

99 1621 120 1685 3
144 1616 209 1699 Τῆς
232 1611 263 1678 θ’
290 1618 336 1692 είς
356 1610 499 1681 Ἰταλίαν
523 1617 663 1680 Αἰνείου
686 1611 741 1679 καὶ
764 1609 890 1699 Τρωων
913 1608 1058 1698 ἀφίξεως
1070 1607 1206 1680 ‘Pon-124

139 1725 236 1805 μαῖοί
255 1745 290 1787 τε
313 1719 433 1798 πάντες
455 1719 635 1805 βεβαιωταὶ
653 1714 762 1785 καὶτὰ
778 1714 935 1805 ὃριόμενα
957 1713 1014 1785 ὑπ’
1041 1715 1155 1785 αὐτῶν

140 1830 177 1894 ἔν
210 1852 244 1893 τε
276 1831 415 1905 θυσίαις
445 1826 501 1892 καὶ
536 1827 665 1911 ἑορταῖς
695 1822 891 1911 μηνύματα,
920 1823 1092 1911 Σιβύλλης
1120 1850 1155 1892 τε

99 1956 124 1998 ιτ
139 1931 237 2019 λόγια
263 1932 318 2000 καὶ
341 1932 484 2020 χρησμοὶ
508 1932 660 2000 Πυθικοὶ
683 1933 738 1999 καὶ
763 1927 848 1997 ἄλλα
870 1933 1001 2018 πολλά,
1019 1922 1067 1998 ὧν
1093 1928 1155 1998 ούκ

138 2039 181 2107 ἄν
213 2066 264 2118 τις
296 2035 340 2118 ὡς
372 2035 566 2126 εὐπρεπείας
603 2040 698 2105 ἕνεκα
731 2039 958 2125 συγκειμένων
990 2035 1155 2126 ὑπερίδοι.

138 2145 245 2214 πολλὰ
274 2146 311 2213 δὲ
338 2145 393 2213 καὶ
421 2143 500 2232 παρ’
528 2143 665 2230 Ἕλλησι
695 2150 910 2233 γνωρίσματα
941 2146 997 2212 καὶ
1021 2141 1153 2232 φανερά

55 2281 56 2285 ’
139 2258 186 2334 είς
218 2251 296 2321 τόδε
328 2251 455 2341 χρόνον
486 2257 726 2339 περιλείπεται,
760 2255 846 2320 ἔνθα
875 2248 1064 2339 ὡρμίσαντο
1098 2251 1154 2318 καὶ

138 2359 216 2451 παρ’
240 2355 290 2440 οἷς
304 2357 480 2449 διατριβὴν
499 2358 640 2438 ἀπλοίας
659 2361 771 2426 ἕνεκεν
785 2357 999 2445 ἐποιήσαντο·
1024 2350 1073 2427 ὧν
1089 2355 1153 2444 ἐγὼ

99 2489 125 2530 ιο
139 2467 274 2556 μνήμην
299 2464 343 2546 ὡς
366 2462 409 2534 άν
438 2461 509 2546 οἷός
535 2493 570 2534 τε
594 2457 620 2533 ό
643 2468 777 2533 πολλῶν
806 2462 916 2534 όντων
939 2463 1153 2554 βραχυτάτην

98 2575 329 2661 4ποιησομαι.
374 2578 507 2661 πρῶτον
532 2573 593 2660 μὲν
617 2577 664 2653 είς
687 2571 821 2663 Θρᾴκην
846 2571 1047 2660 ἀφικόμενοι
1067 2569 1151 2638 κατὰ

138 2679 199 2766 τὴν
231 2678 459 2768 χερρόνησον,
501 2675 521 2764 ἢ
554 2685 702 2746 καλεῖται
733 2676 912 2764 Παλλήνη,
950 2683 1152 2766 ωρμίσαντο.

139 2784 229 2873 εἶχον
268 2785 306 2854 δὲ
342 2783 447 2870 αὐτὴν
485 2782 596 2870 ὥσπερ
638 2790 724 2871 ἔφην
760 2783 926 2874 βάρβαροι
963 2790 1153 2873 Κρουσαῖοι

137 2890 340 2990 καλούμενοι
362 2891 417 2957 καὶ
432 2892 599 2977 παρέσχον
624 2889 737 2971 αὐτοῖς
750 2890 809 2969 τὰς
826 2888 1019 2978 καταγωγὰς
1041 2888 1151 2978 ἄσφα-

212 3118 373 3192 Ιάριάθωι
391 3125 416 3176 A
482 3121 568 3208 θεῷ
589 3121 652 3177 add.
671 3121 812 3191 Kiessling
835 3139 888 3178 om.
910 3116 998 3192 ΟΙὸ’
1019 3120 1046 3176 οι
1041 3120 1153 3176 καλΑ

174 3201 192 3250 4
210 3196 301 3257 τοιςδε
321 3200 379 3256 τοῖς
397 3195 420 3247 Β
439 3190 549 3254 τούτοις
567 3199 626 3255 τοῖς
643 3195 669 3247 R
723 3201 738 3248 6
759 3187 880 3260 ἕλεγείαι
899 3193 925 3246 Α
979 3197 995 3246 8
1011 3189 1153 3281 ἕγκαθετυ

138 3269 164 3322 Α
187 3262 404 3336 ἔγκατεθετοΒ
485 3269 519 3319 10
546 3261 643 3318 ἔσσυτο
666 3266 711 3318 Ba
794 3271 826 3318 12
855 3261 887 3319 δὲ
908 3259 980 3325 ἒςΑ
1012 3259 1041 3318 δ’
1062 3259 1111 3320 ἐπ’
1131 3263 1153 3317 Β

140 3345 172 3394 13
192 3337 375 3410 βεβαιοῦνται
397 3337 423 3390 A
488 3342 519 3390 17
540 3331 651 3422 φανερά
671 3335 720 3390 καί
740 3333 821 3397 είςο
840 3335 941 3404 Pflugk
1010 3341 1043 3390 18
1062 3354 1153 3404 παρα-

138 3411 263 3465 λείπεται
292 3409 338 3463 Ba
370 3408 539 3462 λείπεταιΑ
574 3408 577 3475 Ι
617 3401 781 3476 ὁρμήσαντα
804 3408 850 3461 Ba
937 3412 969 3460 19
998 3404 1151 3462 *ἔνεκαΟ

175 3487 208 3535 21
229 3472 337 3551 μὲν
302 3500 353 3534 ουν
373 3497 395 3535 υ.
415 3478 517 3534 Reiske
590 3484 623 3533 23
643 3482 788 3532 κλουσαιοι
807 3480 831 3532 Α
