2454 3916
511 217 676 271 -Α-
1059 218 1102 282 93

84 378 228 446 ἐποιεῖτο
261 374 450 465 ἀρχομένης
482 378 524 444 ἕω
558 379 793 465 συμφέρεσθαι
823 393 895 458 τοῖς
923 384 1103 465 πολεμίοις.

84 481 248 569 ἐγνωκότι
272 482 311 550 δὲ
334 481 423 574 αὐτῷ
447 484 550 550 ταῦτα
573 485 662 569 λέγει
675 509 726 562 τις
744 481 878 563 ἐπιστάς
899 483 974 553 καθ’
991 483 1102 554 ὕπνον

84 588 263 679 ἐπιχώριος
294 593 425 677 δαίμων
458 591 618 676 δέχεσθαι
646 588 725 669 τοὺς
749 587 914 676 Ἕλληνας
943 594 983 680 τῇ
1011 591 1103 682 χωρηι

30 701 293 777 146συνοίκους·
325 693 420 784 ἥκειν
442 694 506 783 γὰρ
531 693 654 775 αὐτοὺς
676 698 759 784 μέγα
783 694 944 784 ὠφέλημα
968 703 1102 788 Λατίνῳ

16 831 18 834 ’
83 803 142 871 καὶ
165 800 285 872 κοινὸν
305 800 526 890 Ἀβοριγίνων
540 800 690 888 ἀγαθόν·
713 807 835 894 Αίνείμ
847 830 883 872 τε
898 807 933 871 οί
953 807 1130 895 πατρῴοιο

83 910 165 979 θεοὶ
187 913 245 996 τῆς
267 907 370 995 αὐτῆς
393 907 515 988 νυκτδς
538 911 701 996 φανέντες
727 909 1016 998 παρακελεύονται·
1035 916 1103 978 πεί-

84 1007 167 1085 θειν
191 1023 341 1085 Λατῖνον
365 1014 484 1100 ἑκόντα
506 1030 691 1104 παρασχεῖν
715 1022 811 1105 σφίσι
833 1015 896 1104 τὴν
919 1025 1051 1103 οίκησιν
1067 1018 1103 1087 ἐν

85 1116 114 1215 ᾧ
136 1122 321 1211 βούλονται
343 1127 470 1213 χωρίῳ,
497 1123 554 1190 καλ
577 1122 767 1211 χρησασθαι
792 1122 935 1211 δυνάμει
953 1122 1103 1210 Ἑλληνι-

84 1233 128 1320 κῇ
159 1228 322 1320 συμμάχῳ
349 1233 478 1317 μᾶλλον
506 1225 526 1315 ἢ
557 1228 729 1321 διαφόρω·
761 1227 973 1317 ἀμφοτέρους
1000 1229 1038 1297 δὲ
1065 1226 1103 1298 τδ

86 1336 174 1425 όναρ
199 1335 344 1406 έκοόλυεν
366 1335 483 1423 ἀρχειν
507 1334 621 1423 μάχης.
654 1333 699 1416 ὡς
723 1335 760 1404 δὲ
782 1333 889 1423 ἡμέρα
902 1361 938 1404 τε
962 1338 1103 1422 ἐγένετο,
1118 1361 1146 1401 ιο

85 1444 144 1513 καὶ
176 1442 452 1531 διεκοσμήθησαν
481 1447 528 1522 είς
555 1442 665 1530 μάχην
694 1446 732 1510 αί
758 1442 934 1530 δυνάμεις,
964 1441 1105 1529 κήρυκες

85 1542 173 1637 ἧκον
203 1547 248 1631 ὡς
270 1548 349 1630 τοὺς
376 1548 543 1638 ἡγεμόνας
567 1551 775 1632 ἑκατέρωθεν
798 1548 836 1619 τὸ
866 1547 947 1618 αὐτὸ
971 1547 1105 1630 ἀξιοῦν-

85 1683 152 1742 τες,
171 1664 354 1725 συνελθεῖν
372 1655 530 1742 ἀλλήλοις
549 1660 596 1735 είς
613 1654 749 1742 λόγους·
768 1656 825 1724 καλ
843 1657 975 1742 ἐγένετο
995 1658 1105 1724 τοῦτο.

155 1765 274 1832 LVIII.
297 1767 439 1851 Πρῶτος
462 1761 500 1829 δὲ
523 1759 541 1830 ὁ
565 1769 710 1841 Λατῖνος
734 1767 880 1850 έγκλημα
902 1759 1105 1849 ποιούμενος

85 1869 149 1940 τὸν
182 1867 360 1957 αἰφνίδιόν
391 1894 426 1936 τε
461 1867 518 1935 καί
549 1865 794 1955 ἀκατάγγελτον
827 1867 976 1956 πόλεμον
1008 1867 1105 1955 ἠξίου
1119 1891 1146 1932 ιι

86 1976 150 2047 τὸν
174 1981 316 2045 Αἰνείαν
340 1977 462 2061 λέγειν,
486 1973 577 2053 ὅστις
601 1969 650 2041 ἀν
672 1976 728 2042 καὶ
751 1981 787 2043 τί
805 1975 1015 2062 βουλόμενος
1032 1974 1106 2060 ἀγει

87 2085 265 2171 καὶφέρει
293 2081 333 2151 τδι
360 2086 466 2169 χωρία
488 2079 668 2160 πεπονθώς
694 2108 731 2150 τε
754 2079 856 2151 οὐδὲν
886 2081 1001 2150 δεινὸν
1024 2080 1106 2169 πρό-

85 2216 186 2278 τερος
206 2189 263 2257 καὶ
283 2186 344 2256 οὐκ
366 2187 502 2274 ἀγνοῶν
526 2185 578 2256 ὅτι
594 2185 655 2256 τὸν
678 2186 825 2275 ἀρχοντα
838 2192 987 2277 πολέμου
1009 2185 1105 2268 πάςὸ

86 2293 279 2385 προπαθὼν
307 2293 486 2382 ἀμύνεται·
518 2293 692 2382 παρασχόν
714 2321 751 2363 τε
780 2290 824 2364 ἀν
847 2292 936 2386 αὐτῷ
960 2299 1045 2379 πάν,
1076 2303 1110 2363 εί

36 2429 184 2482 ιεττινος
218 2404 324 2471 ἐδεῖτο
357 2405 513 2500 μετρίου,
546 2399 631 2486 πρὸς
663 2405 782 2486 φιλίαν
811 2401 867 2468 καλ
894 2398 978 2487 παρ’
1012 2400 1105 2469 ἕκόν-
1119 2424 1146 2464 ιο

86 2537 157 2579 των
182 2506 399 2597 εὑρίσκεσθαι
421 2512 490 2577 τῶν
512 2511 693 2595 ἐγχωρίων,
716 2504 898 2595 παρελθὼν
920 2505 982 2593 τὴν
1001 2505 1106 2576 ἀπάν-

86 2643 158 2686 των
189 2614 384 2705 ἀνθριόπων
416 2619 592 2684 δικαίωσιν
623 2624 756 2702 αίσχιον
778 2610 800 2701 ἢ
824 2613 962 2682 κάλλιον
985 2613 1105 2702 ἠξίωσε

87 2730 169 2811 βίαν
193 2725 398 2811 προσφέρων
420 2721 461 2792 τδι
485 2720 569 2791 αὐτὰ
593 2722 788 2809 λαμβάνειν.
824 2725 963 2790 τοιαῦτα
986 2721 1024 2790 δὲ
1047 2720 1141 2792 αά-2

87 2835 150 2901 τοῦ
185 2832 422 2917 διαλεχθέντος
454 2827 654 2916 ἀπεκρίνατο
683 2833 837 2907 Λίνείας·
864 2825 977 2915 Ἡμεῖς
1008 2831 1107 2915 γένος

88 2937 151 3026 μὲν
180 2938 292 3023 Τρῶές
315 2937 430 3022 ἐσμεν,
453 2934 583 3014 πόλεως
606 2933 644 3002 δὲ
668 2933 708 3002 οὐ
731 2939 791 3022 τῆς
814 2933 1045 3022 ἀφανεστάτης
1069 2938 1105 3004 έν
1120 2957 1146 2998 ει

79 3041 243 3130 Ἕλλησιν
276 3039 478 3129 ἐγενόμεθα·
524 3037 566 3128 ἣν
599 3039 842 3129 ἀφαιρεθέντες
876 3037 932 3109 ὑπ’
965 3040 1105 3129 Ἀχαιων

89 3155 242 3220 δεκαετεῖ
270 3151 402 3240 πολέμῳ
434 3157 674 3237 χειρωθεῖσαν,
707 3147 826 3235 ἀλῆται
853 3148 1105 3237 περιερχόμενοι

161 3343 296 3401 ὅτεΑΒ
369 3335 834 3429 12ἦγονΒο1τὸαότὸοω.Α
906 3338 1107 3430 13έγίνετοΑ

90 3423 125 3474 16
139 3407 226 3488 ων]
206 3436 245 3486 ην
259 3415 281 3469 Β
336 3422 369 3471 19
378 3412 531 3502 παρασχὸν
545 3416 667 3485 Sylburg
680 3410 866 3502 παρασχωνΟ
883 3411 921 3483 Ι“
904 3434 940 3470 αν
954 3413 1008 3467 del.
1019 3412 1107 3470 Cobet

91 3488 156 3545 Obs.
175 3507 204 3559 p.
224 3493 259 3542 32
314 3492 349 3543 24
368 3481 536 3556 ἀπεκρίνετο
555 3488 600 3541 Ba
661 3493 695 3541 26
714 3481 876 3541 *υτοΟ
898 3479 1107 3552 ῖῖάλητεςΒο,
