2454 3916
497 234 663 287 -A-
1025 232 1087 297 147

71 398 160 480 φασί
176 372 274 471 ’τινες
301 396 341 480 τῆ
369 393 465 478 μάχη·
489 390 550 459 τὸν
580 389 789 478 Φαιστύλον,
823 388 859 473 ὃς
887 394 1088 480 ἐξεθρέψατο

71 497 152 578 τοὺς
166 503 377 584 νεανίσκους,
397 501 555 566 διαλῦσαι
572 497 635 585 τῆν
655 503 728 585 ἔριν
745 502 814 566 τῶν
832 497 990 585 ἀδελφῶν
1009 506 1089 586 βου-

70 605 233 692 λόμενον,
253 602 299 684 ὡς
318 602 420 673 οὐδὲν
440 600 512 685 οἷός
529 601 558 671 τ’
575 597 619 691 ῆν
638 602 774 691 ἀνύσαι,
791 609 838 685 είς
859 607 983 692 μέσους
1004 605 1090 674 ἀσα-

72 720 157 779 σθαι
175 710 255 791 τοὺς
274 714 483 798 μαχομένους
501 710 653 780 ἀνοιτλον
671 709 826 780 θανάτου
846 716 908 780 τοῦ
931 719 1089 800 ταχίστου

71 831 188 906 τυχεῖν
201 817 499 905 προθυμούμενον,
514 817 595 904 ὅπερ
607 819 706 905 (καὶ)
717 820 856 905 ἐγένετο.
878 818 968 899 τινες
982 819 1020 888 δὲ
1032 821 1089 888 καί
1116 843 1129 883 ε

71 924 134 993 τὸν
157 926 278 994 λέοντα
296 923 357 993 τὸν
375 929 524 1011 λίθινον,
544 922 582 1005 δς
601 931 705 994 ἔκειτο
724 929 784 1012 τῆς
801 923 927 1013 ἀγορᾶς
944 931 1003 1013 τῆς
1020 931 1089 996 τῶν

67 1028 244 1119 Ῥωμαίων
267 1033 304 1100 έν
326 1036 372 1124 τῷ
395 1038 559 1124 κρατίστῳ
582 1038 693 1124 χωρίφ
716 1031 806 1119 παρὰ
831 1045 901 1113 τοῖς
924 1033 1089 1121 ἐμβόλοις,

72 1139 126 1208 ἐπὶ
149 1141 197 1231 τῷ
222 1137 350 1225 στόματι
378 1143 440 1207 τοῦ
466 1138 659 1207 Φαιστύλου
685 1143 832 1226 τεθῆναί
851 1160 971 1227 φασιν,
1005 1145 1090 1209 ἔνθα

72 1251 192 1314 ἔπεσεν
224 1241 290 1314 ὑπὸ
323 1249 391 1314 τῶν
423 1243 594 1334 εὑρόντων
630 1247 800 1332 ταφέντος.
855 1244 1129 1327 ἀποθανόντος3

73 1350 105 1419 δ’
136 1354 175 1420 έν
201 1356 242 1440 τῆ
270 1351 357 1440 μάχη
382 1350 514 1439 Ῥοόμου
544 1357 644 1438 νίκην
677 1357 844 1438 οίκτίστην
877 1351 895 1420 ὁ
922 1350 1090 1440 Ῥωμύλος
1104 1380 1130 1419 ιο

73 1455 140 1526 ἀπό
172 1485 208 1526 τε
244 1463 305 1526 τοῦ
343 1457 494 1546 ἀδελφοῦ
529 1460 585 1526 καὶ
621 1463 791 1545 πολιτικῆς
831 1457 1091 1545 ἀλληλοκτονίας

73 1561 278 1651 ἀνελόμενος
308 1563 370 1634 τὸν
401 1564 463 1652 μέν
486 1564 615 1653 Ῥῶμον
643 1567 680 1633 ἐν
711 1570 752 1654 τῆ
777 1563 930 1655 Ῥεμορίᾳ
957 1564 1089 1652 θάπτει,
1184 1638 1186 1642 ,

73 1669 187 1758 ἐπειδὴ
207 1673 264 1739 καὶ
286 1677 351 1753 ζῶν
370 1657 431 1741 τοῦ
450 1678 577 1759 χωρίου
594 1676 653 1758 τῆς
671 1678 808 1753 κτίσεως
820 1679 1011 1760 περιείχετο,
1031 1671 1089 1740 αό-

72 1780 130 1857 τδς
153 1777 191 1846 δὲ
213 1776 278 1847 ὑπὸ
304 1777 411 1865 λύπης
433 1805 468 1846 τε
487 1779 541 1846 καὶ
561 1785 738 1866 μετανοίας
759 1783 827 1848 τῶν
846 1780 1089 1867 πεπραγμένων

72 1886 192 1971 παρεὶς
215 1882 337 1953 ἑαυτὸν
360 1890 408 1965 είς
431 1882 627 1971 ἀπόγνωσιν
647 1888 709 1953 τοῦ
732 1891 811 1971 βίον
833 1887 994 1970 τρέπεται.
1031 1890 1091 1972 τῆς
1105 1911 1130 1952 15

75 1990 114 2059 δέ
138 1997 362 2079 Λαυρεντίας,
390 1987 411 2078 ῆ
436 1988 598 2077 νεογνούς
624 1996 866 2079 παραλαβοῦσα
890 1994 1091 2080 ἐξεθρέψατο

26 2097 136 2167 ικτκαὶ
155 2097 280 2184 μητρὸς
298 2096 359 2185 οὐχ
378 2089 480 2185 ῆττον
504 2096 675 2184 ῆσπάζετο,
691 2100 851 2185 δεομένης
867 2099 924 2166 καὶ
947 2123 1091 2186 παρηγο-

72 2203 218 2292 ρούσης,
244 2203 348 2294 ταύτη
375 2203 582 2292 πειθόμενος
607 2201 795 2273 ἀνίσταται·
828 2204 1032 2291 συναγαγὼν
1055 2205 1092 2274 δὲ

70 2308 155 2391 τοὺς
172 2316 352 2398 Λατίνους,
372 2309 447 2380 ὅσοι
466 2310 510 2398 μῆ
530 2309 613 2379 κατὰ
632 2309 694 2397 τὴν
713 2310 823 2397 μάχην
842 2310 1091 2398 διεφθάρησαν,

73 2415 179 2508 όλίγφ
202 2423 337 2496 πλείους
360 2416 458 2498 όντας
481 2424 673 2505 τρισχιλίων
698 2419 734 2486 ἐκ
756 2415 847 2484 πάνν
869 2421 998 2485 πολλοῦ
1016 2415 1088 2484 κατ’
1105 2441 1132 2482 εο

72 2521 180 2611 ἀρχάς
201 2526 387 2611 γενομένου
408 2524 578 2609 πλήθους,
608 2521 663 2591 ὅτε
685 2521 748 2610 τῆν
770 2521 927 2591 ἀποικίαν
951 2528 1091 2610 ἔστελλε,

71 2637 200 2713 πολίζει
223 2628 261 2700 τὸ
284 2631 509 2701 Παλλάντιον.
556 2627 574 2700 ὁ
600 2630 662 2717 μὲν
685 2619 749 2697 οὖν
767 2628 1003 2710 πιθανώτατος
1022 2630 1132 2698 τῶν4

72 2738 189 2824 λόγων
211 2739 287 2826 περὶ
309 2742 369 2824 τῆς
386 2736 517 2825 Ῥοόμου
539 2741 693 2824 τελευτῆς
723 2729 822 2817 οὗτος
845 2733 935 2806 είναί
954 2764 1012 2824 μοι
1036 2740 1092 2806 δο-

71 2859 135 2915 κεῖ.
181 2846 331 2932 λεγέσθω
356 2843 387 2911 δ’
414 2843 504 2931 ὅμως
526 2845 582 2913 καὶ
609 2854 643 2913 εί
667 2872 716 2925 τις
739 2844 857 2931 ἑτέρως
880 2849 965 2931 έχων
987 2868 1091 2933 παρα-

73 2954 221 3021 δέδοται.
258 2951 341 3037 φασὶ
356 2951 401 3038 δῆΙ
413 2977 502 3030 τινες
516 2948 770 3039 συγχωρήσαντ’
788 2950 892 3019 αὐτὸν
906 2955 951 3043 τῷ
967 2949 1091 3039 Ῥωμύ-
1106 2983 1132 3025 ει

71 3066 122 3150 λφ
141 3054 203 3144 τῆν
222 3055 417 3143 δγεμονίαν,
437 3055 632 3144 ἀχθόμενον
652 3057 688 3126 δέ
707 3058 762 3125 καὶ
783 3055 828 3125 δι’
852 3057 954 3145 ὀργῆς
974 3063 1092 3146 ἔχοντα

149 3226 162 3272 1
184 3215 331 3287 ἐθρέψατο
350 3217 372 3270 Β
436 3223 452 3272 ὅ
472 3217 521 3272 καὶ
539 3218 604 3272 αδδ.
624 3217 713 3273 cobet
732 3219 796 3273 obs.
820 3237 847 3288 p.
866 3224 901 3273 38
972 3223 1004 3270 11
1024 3219 1092 3271 τεΒ

71 3308 130 3346 om.
140 3291 166 3344 R
177 3289 180 3361 λ
193 3289 338 3357 πολιτικῆς
352 3283 465 3351 όνειδος
478 3288 524 3344 vel
538 3292 640 3358 κηλίδα
659 3307 680 3345 ο.
692 3289 795 3344 Βείελιο
846 3295 879 3344 14
894 3285 952 3342 ὑπὸ
963 3289 1092 3342 Meineke

71 3357 177 3417 ἀπδΟ
261 3365 293 3414 19
322 3357 525 3430 διεφθάρησαν
551 3359 640 3416 Cobet
663 3361 728 3417 obs.
756 3379 784 3429 p.
807 3366 842 3415 38
876 3357 1091 3428 ἐφθόρησανΟ

71 3439 109 3489 23
125 3429 299 3503 όέμουΑΒο
344 3437 380 3485 24
394 3427 423 3485 δ’
438 3431 461 3483 Β
476 3428 508 3487 δέ
518 3434 544 3487 Β,
559 3434 564 3501 1
580 3430 774 3502 παραδέδοται
783 3430 933 3498 Κίοεελίος,
943 3429 1032 3483 Cobet
1043 3428 1062 3483 l.
1072 3429 1091 3484 l.

70 3506 268 3571 παραδίδοται
288 3501 310 3557 0
383 3508 416 3558 25
437 3503 649 3573 σνγχωρῆσαντι
667 3503 689 3556 Β
709 3503 887 3572 συγχωρῆσαι
906 3517 929 3554 ο.
947 3498 1093 3572 Kiessling

877 3587 932 3643 10*
