2454 3916
102 213 146 278 48
528 212 693 266 -A-

103 375 276 462 φέστερον,
290 371 455 460 πρότερον
471 369 502 437 δ’
519 369 736 458 ἀκριβοῦντες
752 369 902 458 τοῦνομα
916 367 1027 461 ὥσπερ
1043 371 1120 441 Ἕλ-

104 489 203 568 ληνες
225 477 420 557 Θυοσκόους
443 477 603 546 ἐκάλουν·
626 476 723 547 αύτολ
747 479 861 564 μέντοι
885 480 972 564 σφᾶς
995 475 1119 560 αύτούς
1137 497 1165 548 81

104 589 158 657 ἐπὶ
180 590 249 655 τόν
276 583 452 672 ἡγεμόνων
479 584 573 663 τινὸς
594 582 756 653 Ῥασέννα
783 583 845 652 τὸν
873 582 977 652 αὐτὸν
1001 587 1119 678 ἐκείνῳ

66 694 232 783 4τρόπον
268 691 478 779 ὀνομάζουσι.
529 691 642 770 πόλεις
677 691 715 759 δὲ
750 689 885 771 άςτινας
920 690 1049 782 ᾤκισαν
1087 696 1123 762 οί

76 802 298 890 τΤυρρηυολ,
330 800 386 867 καλ
412 797 665 885 πολιτευμάτων
692 796 845 878 ούςτινας
873 797 1119 884 κατεστήσαντο

102 909 266 996 κόσμους,
295 905 443 993 δύναμίν
470 931 505 972 τε
533 902 662 992 ὁπόσην
686 909 721 973 οί
749 904 937 993 σύμπαντες
958 906 1014 972 καλ
1039 910 1120 992 ἔργα

104 1025 137 1084 εί
160 1040 237 1082 τινα
263 1012 396 1100 μνήμης
422 1008 497 1092 ἀξια
525 1010 761 1100 διεπράξαντο,
788 1011 903 1098 τύχαις
929 1037 964 1080 τε
988 1009 1122 1093 ὁποίαις

68 1120 304 1210 ὖέχρήσαντο,
327 1120 364 1186 ἐν
388 1119 490 1207 ἑτέρῳ
518 1116 751 1204 δηλωθήσεται
781 1117 880 1208 λόγῳ.
924 1115 961 1185 τὸ
992 1115 1028 1184 δ’
1055 1111 1121 1187 οὖν

104 1221 317 1310 Πελασγικὸν
344 1228 475 1311 φῦλον,
507 1222 591 1292 ὅσον
618 1221 662 1310 μή
692 1223 862 1312 διεφθάρη
890 1249 925 1291 τε
955 1225 1009 1291 καὶ
1037 1224 1122 1292 κατά

63 1365 89 1405 ιο
102 1332 163 1413 τάς
185 1329 339 1410 ἀποικίας
362 1330 560 1417 διεσπάσθη,
584 1332 728 1417 διέμεινε
753 1329 791 1397 δὲ
809 1326 927 1417 ὀλίγον
950 1327 1016 1399 ἀπὸ
1039 1339 1120 1399 πολ-

103 1443 177 1526 λοῦ,
201 1439 282 1526 μετὰ
305 1441 374 1506 τῦν
395 1435 614 1525 Ἀβοριγίνων
637 1435 899 1524 πολιτευόμενον
927 1439 966 1506 ἐν
986 1437 1122 1518 τούτοις

102 1545 292 1632 ὑπελείφθη
315 1558 385 1623 τοῖς
408 1549 552 1632 χωρίοις,
576 1531 664 1611 όπον
687 1541 751 1613 σύν
772 1543 884 1634 χρόνῳ
907 1543 969 1630 τήν
987 1542 1122 1632 Ῥύμην

104 1657 139 1722 οί
171 1656 304 1737 ἔκγονοι
337 1648 449 1718 αὐτῶν
484 1650 549 1722 σὺν
576 1664 647 1730 τοῖς
674 1649 787 1730 ἀλλοις
815 1652 1022 1719 ἐπολίσαντο.
1063 1653 1122 1720 καλ

102 1757 229 1845 τὰμὲν
250 1754 334 1844 ὑπὲρ
358 1760 419 1824 τοῦ
450 1762 662 1843 Πελασγικοῦ
685 1759 806 1843 γένους
835 1757 1122 1846 μυθολογούμενα

64 1894 91 1936 ιτ
102 1863 217 1933 τοιάδε
240 1864 318 1930 ἐστί.

114 1975 151 2045 >
192 1971 312 2036 XXXI.
345 1968 441 2038 Μετδι
464 1970 502 2038 δὲ
526 1969 566 2039 οῦ
589 1970 697 2039 πολύν
727 1969 852 2059 χρόνον
876 1970 994 2050 στόλος
1016 1968 1122 2051 ἀλλος

98 2073 294 2163 Ἑλληνικὸς
316 2080 363 2155 είς
385 2080 488 2143 ταῦτα
505 2073 546 2143 τδι
568 2083 674 2164 χωρία
691 2081 750 2163 τῆς
769 2073 910 2156 Ἰταλίας
930 2076 1120 2164 κατάγεται,

13 2219 27 2269 ς
105 2185 268 2274 ἑξηκοστῷ
298 2181 442 2269 μάλιστα
474 2187 537 2248 ἔτει
564 2181 729 2271 πρότερον
760 2187 829 2251 τῦν
860 2187 1041 2271 Τρωικῦν,
1074 2181 1121 2264 ὡς

103 2286 201 2358 αύτολ
218 2286 378 2375 Ῥωμαῖοι
402 2290 575 2374 λέγουσιν,
602 2290 638 2356 ἐκ
660 2295 877 2357 Παλλαντίου
899 2289 1027 2369 πόλεως
1047 2288 1120 2378 Ἀρ-

63 2426 90 2468 εο
103 2399 242 2481 καδικής
268 2391 422 2474 ἀναστάς.
468 2393 578 2481 ήγεϊτο
608 2395 646 2462 δὲ
672 2399 731 2481 τής
757 2392 911 2474 ἀποικίας
939 2394 1120 2484 Εὔανδρος
1138 2427 1165 2476 8:

98 2502 225 2591 Ἑρμοῦ
252 2501 433 2589 λεγόμενος
458 2503 514 2569 καλ
541 2501 677 2589 νύμφης
702 2499 794 2580 τινὸς
818 2500 973 2589 Ἀρκάσιν
1000 2504 1120 2589 ἐπιχω-

104 2615 197 2697 ρίας,
229 2605 272 2695 ήν
305 2610 341 2675 ολ
370 2607 432 2694 μὲν
454 2604 615 2693 Ἕλληνες
644 2609 748 2694 Θέμιν
779 2605 865 2676 εἶναι
895 2609 1033 2694 λέγουσι
1062 2610 1120 2678 καλ

103 2713 320 2802 θεοφόρητον
333 2709 594 2799 ἀποφαίνουσιν,
610 2718 645 2780 ολ
657 2712 694 2780 δὲ
707 2710 957 2800 τάςῬωμαίκάς
972 2716 1119 2804 συγγρά-

176 2906 243 2962 Ιδδ
263 2907 317 2960 ΑΒ
395 2914 411 2960 2
436 2901 583 2969 Θούσκονς
615 2925 637 2962 ο.
667 2908 782 2978 Lepsius
810 2909 845 2964 de
872 2910 1000 2981 Pelasgis
1026 2931 1055 2983 p.
1085 2919 1117 2967 11

103 2978 255 3040 3τινεςΒ
287 2982 292 3047 1
329 2977 479 3046 Ταρασένα
498 2979 544 3033 vel
564 2977 695 3048 Ταρσένα
715 2980 831 3049 Lepsius
853 2998 882 3050 p.
901 2987 937 3035 24
1009 2979 1118 3053 4άκη-

104 3049 200 3106 σανΟ
222 3049 411 3105 comportas
488 3055 503 3104 6
528 3047 558 3104 οί
574 3045 734 3121 σύμπαντες
758 3051 781 3106 0
806 3047 957 3119 ἐκέκτηντο
980 3053 1117 3110 excidisse

102 3122 188 3192 putat
208 3120 311 3175 Reiske
336 3118 418 3190 ἔσχον
440 3120 547 3191 Kayser
569 3120 640 3176 Ami.
663 3122 733 3191 phil.
758 3128 827 3176 1863
856 3140 883 3192 p.
906 3129 924 3176 4
961 3117 1117 3193 ἐκτήσαντο

103 3193 206 3248 Garrer
224 3190 289 3246 Obs.
313 3210 340 3260 p.
361 3197 376 3244 2
404 3191 547 3247 Meutzner
573 3194 644 3247 Ann.
670 3193 740 3262 phil.
765 3199 835 3248 1877
862 3211 891 3263 p.
910 3198 962 3248 821
992 3195 1063 3250 mihi
1089 3194 1120 3252 ολ

103 3259 265 3333 σύμπαντες
292 3265 454 3332 corruptum
479 3263 591 3318 videtur
672 3271 705 3317 12
728 3267 747 3318 δ
777 3258 941 3333 ἀπελείφθη
970 3283 993 3319 ο.
1015 3267 1117 3323 Reiske

139 3341 173 3388 13
192 3328 297 3404 ἀλλοῖς]
314 3329 454 3405 Ἀλβανοῖς
469 3351 491 3388 ο.
507 3334 647 3404 Kiessling
663 3337 667 3398 λ
685 3330 902 3390 ἐπολιτεύσαντο
921 3335 944 3389 Β
1009 3344 1045 3392 14
1062 3342 1116 3394 Πε-

103 3405 249 3477 λασγικοῦ]
269 3406 428 3474 πελασγιῦν
446 3405 469 3458 Β
528 3412 562 3460 15
580 3404 634 3460 είσι
652 3406 674 3458 Β
737 3413 769 3460 16
789 3402 870 3468 ἄλλος
890 3401 1035 3476 ἓλληνικδς
1054 3405 1116 3465 στό-

103 3481 150 3539 λος
168 3477 190 3529 Β
263 3483 295 3530 21
315 3472 467 3546 λεγόμενος
489 3477 512 3530 Β
541 3471 694 3546 γενόμενος
712 3477 737 3530 Α
