2454 3916
498 216 663 269 ,Α-

75 375 229 464 Ἀμολίον
255 374 432 465 τάβρέφη
463 374 625 462 λαβόντες
652 378 689 444 ἐν
718 375 831 464 σκάφη
860 382 996 464 κείμενα
1019 380 1087 445 τῶν

74 481 249 572 ὑπηρετῶν
280 509 372 564 τινες
403 489 527 571 ἔφερον
563 485 787 570 ἐμβαλοῦντες
819 488 866 563 είς
897 481 958 553 τόν
989 507 1088 552 ποτα-

73 588 139 678 μὸν
166 587 334 677 ἀπέχοντα
364 594 423 677 τῆς
450 589 579 669 πόλεως
604 585 692 677 άμφὶ
724 587 803 669 τοῦς
832 587 952 659 ἑκατὸν
983 598 1088 658 είκοσι

73 700 242 776 σταδίους.
296 699 367 766 ἐπεὶ
404 696 442 765 δέ
478 695 577 784 ἐγγύς
613 698 770 782 ἐγένοντο
806 697 863 765 καί
900 693 994 764 είδον
1027 697 1128 778 ἐξωό

71 806 133 873 τοῦ
157 808 303 890 γνησίου
321 804 464 891 ῥείθρου
486 801 548 871 τόν
571 805 709 890 Τέβεριν
727 801 792 872 ὑπὸ
812 802 988 891 χειμώνων
1007 822 1088 871 συν-
1115 829 1129 871 ε

72 914 160 997 εχῦν
194 912 456 998 ἐκτετραμμένον
489 915 537 989 είς
567 907 609 978 τά
640 914 755 996 πεδία,
786 910 990 998 καταβάντες
1022 907 1088 978 άπδ

71 1020 133 1084 τοῦ
162 1022 382 1085 Παλλαντίου
408 1020 467 1103 της
494 1020 647 1104 κορυφῆς
676 1018 729 1085 ἐπὶ
758 1014 795 1086 τὸ
824 1020 1088 1106 προσεχέστατον

73 1120 179 1210 ὕδωρ,
195 1120 253 1212 (ού
270 1120 335 1210 γάρ
352 1127 400 1191 ἐτι
414 1125 614 1213 προσωτέρω
629 1137 751 1211 χωρεῖν
767 1117 869 1193 οἷοίτε
883 1116 986 1214 ἦσαν)
1002 1129 1089 1192 ἐνθα

72 1233 209 1318 πρῶτον
231 1225 252 1316 η
275 1232 337 1298 τοῦ
358 1233 511 1316 ποταμοῦ
538 1229 652 1317 πλήμη
678 1233 737 1316 τῆς
762 1227 931 1318 ὑπωρείας
957 1227 1088 1316 ἥπτετο,

72 1341 227 1405 τίθενται
248 1332 312 1422 την
336 1333 469 1421 σκάφην
489 1336 542 1403 ἐπὶ
560 1339 621 1404 τοῦ
644 1333 777 1416 ὕδατος.
813 1333 893 1423 ἡδὲ
911 1338 1006 1424 μέχρι
1025 1339 1087 1423 μέυ
1103 1362 1129 1402 ιο

71 1468 166 1521 τινος
189 1439 343 1528 ἐνηχετο,
372 1446 483 1509 ἔπειτα
505 1445 566 1510 τοῦ
589 1443 732 1531 ῥείθρου
758 1440 840 1511 κατά
863 1439 984 1530 μικρὸν
1006 1439 1088 1511 ὑπο-

73 1550 266 1637 χωροῦντος
297 1549 333 1615 ἐκ
364 1550 433 1616 τῶν
465 1548 541 1637 περὶ
579 1552 699 1635 ἔσχατα
731 1554 835 1616 λίθου
871 1553 1088 1636 προσπταίσει

20 1666 316 1743 ὶεπεριτραπείσα
335 1653 487 1740 ἐκβάλλει
510 1651 550 1723 τά
572 1657 692 1742 βρέφη.
734 1653 775 1723 τά
799 1654 860 1742 μέν
885 1653 927 1741 δὴ
949 1655 1088 1737 κνυζού-
1104 1645 1128 1710 46
1169 1704 1176 1717 ,

73 1787 158 1850 μενα
179 1758 264 1829 κατά
290 1765 352 1828 τοῦ
374 1763 533 1847 τέλματος
561 1763 784 1847 ἐκυλινδεῖτο,
811 1760 955 1830 λύκαινα
979 1762 1020 1831 δέ
1038 1790 1089 1842 τις

74 1871 274 1957 ἐπιφανεῖσα
309 1867 466 1947 νεοτόκος
503 1870 684 1954 σπαργῶσα
724 1866 804 1948 τοὺς
840 1866 987 1955 μαστούς
1022 1865 1087 1938 ὑπὸ
1103 1892 1128 1934 15

73 1975 238 2062 γάλακτος
264 1971 427 2043 άνεδίδου
457 1971 520 2053 τάς,
545 1970 655 2060 θηλάς
683 1988 754 2055 τοῖς
781 1973 945 2062 στόμασιν
975 1973 1087 2044 αὐτῶν

74 2083 127 2150 καὶ
156 2084 197 2171 τῇ
226 2080 354 2170 γλάττη
381 2078 442 2149 τὸν
469 2080 592 2166 πηλόν,
620 2072 648 2171 ᾧ
674 2081 853 2151 κατάπλεοι
880 2075 983 2169 ἦσαν,
1011 2080 1087 2150 άπε-

74 2194 181 2277 λίχμα.
220 2190 257 2256 ἐν
278 2187 315 2256 δέ
333 2187 441 2278 τούτῳ
459 2186 688 2274 τυγχάνουσιν
709 2191 744 2256 οί
759 2202 874 2275 νομεῖς
892 2188 1087 2270 ἐξελαύνον-

74 2322 125 2376 τες
152 2293 212 2374 τὰς
239 2291 361 2380 ἀγέλας
388 2294 441 2362 ἐπὶ
468 2293 579 2381 νομήν
609 2292 689 2380 (ἤδη
716 2291 780 2380 γάρ
810 2292 955 2382 ἐμβατὸν
982 2287 1026 2381 ἦν
1048 2293 1087 2365 τό

75 2401 215 2491 χωρίον)
237 2406 298 2469 καί
316 2427 367 2480 τις
389 2397 502 2468 αὐτῶν
526 2397 611 2467 ίδών
640 2398 703 2486 τὴν
726 2399 891 2468 λύκαιναν
915 2397 960 2479 ὡς
982 2398 1087 2487 ησπά-
1101 2423 1127 2464 εο

77 2515 142 2590 ζετο
166 2506 208 2578 τά
230 2510 339 2596 βρέφη
361 2509 443 2587 τέως
465 2506 528 2595 μὲν
551 2503 677 2593 άχαυὴς
703 2498 747 2593 ἦν
773 2503 840 2574 ῦπό
867 2532 902 2574 τε
931 2506 1088 2594 θάμβους

74 2619 126 2685 καί
150 2614 306 2694 άπιστίας
332 2617 401 2682 τόν
428 2615 692 2700 θεωρουμένων·
724 2610 823 2682 ἔπειτ’
849 2610 1008 2682 ἀπελθὼν
1030 2615 1087 2684 καί

74 2723 235 2803 συλλέξας
248 2719 350 2800 ὅσους
364 2719 507 2789 ἐδύνατο
521 2724 697 2800 πλείστους
710 2723 778 2788 τῶν
793 2717 898 2807 άγχοῦ
912 2719 1086 2808 νεμόντων

72 2828 128 2917 (οὐ
152 2825 218 2916 γάρ
242 2826 430 2896 ἐπιστεύετο
454 2825 577 2915 λέγων)
597 2824 671 2911 άγει
693 2817 840 2913 τοῦργον
860 2823 941 2894 αὐτὸ
964 2836 1086 2897 θεασο-

69 2940 206 3020 μένους.
244 2930 289 3014 οὸς
312 2933 350 3001 δὲ
366 2931 516 3001 κάκείνοι
533 2938 678 3018 πλησίου
697 2931 856 3012 ἐλθόντες
876 2939 1007 3020 ἔμαθον
1024 2933 1086 3022 τὴν
1107 2906 1124 2968 7

1101 2991 1127 3032 25

144 3137 161 3186 9
180 3125 335 3200 πλήμμηΑ
353 3123 464 3198 πλήμνη
483 3128 506 3181 Β
579 3134 612 3182 12
631 3125 803 3198 περιέσχατα
818 3129 842 3182 A
860 3127 941 3196 πέριξ
962 3123 1086 3199 ἐσχάτων

64 3215 95 3260 ο.
115 3201 241 3271 Sylburg
258 3199 324 3270 περὶ
341 3194 377 3254 τά
396 3199 501 3269 ἔσχατα
521 3217 543 3254 ο.
562 3200 708 3254 Meutzner
725 3202 797 3253 Ann.
831 3199 882 3254 hil.
903 3206 971 3254 1877
990 3218 1017 3269 p.
1033 3206 1086 3255 830

109 3278 144 3328 13
163 3267 330 3359 κνυζάμενα
353 3287 375 3325 ο.
396 3271 485 3326 Cobet
503 3271 568 3327 Obs.
591 3289 619 3341 p.
639 3275 673 3325 35
751 3275 784 3323 14
819 3272 979 3325 καλινδεῑτο
998 3270 1087 3324 Cobet

62 3337 126 3400 LL
191 3349 224 3398 16
242 3343 377 3397 ανεδίδου
396 3343 418 3396 Β
437 3337 535 3397 ἐδίδου
553 3343 579 3396 R
641 3346 673 3395 17
698 3336 846 3395 κατάπλεω
865 3356 888 3394 ο.
904 3339 992 3395 Cobet
1010 3338 1083 3411 1.].Ι

61 3409 250 3503 ἅπελιχμᾶτο
269 3412 403 3538 μὲῦροεῆ
414 3414 433 3469 l.
444 3413 471 3470 41.
530 3419 564 3468 22
585 3410 684 3468 ἔπειτα
703 3406 797 3466 ἐλθόν
816 3410 923 3466 Oeorr.
942 3409 1085 3480 Kiessling

112 3491 146 3539 23
166 3501 252 3547 οσους
310 3504 361 3547 ους

130 3591 230 3633 mom.
243 3592 306 3632 Eu«.
320 3593 340 3632 Ι.
358 3603 397 3633 ιο.
410 3592 513 3634 θεοοετ.
909 3573 925 3620 9
