2454 3916
488 155 653 204 ..A-

53 309 118 380 ’όπ’
143 310 249 382 αότοῦ
272 313 438 399 περὶτῶν
462 308 616 398 διδόμων
639 314 771 379 παίδων
799 311 922 397 λόγους
950 313 1076 399 διεξῆλ-

53 428 126 487 θεν
150 417 249 506 ἠξίου
271 445 307 487 τε
329 423 441 486 πίστιν
464 418 673 504 ποιήσασθαι
696 417 822 505 ταύτην
851 422 920 486 τῶν
942 420 1076 504 λεγομέ-

30 549 148 611 νων,
177 529 209 594 εί
235 529 390 606 τοιοῦτος
417 522 431 593 ἱ
463 528 522 611 τῆς
546 523 670 604 ὠδῖνος
697 529 789 593 ἔσται
816 523 933 611 γόνος,
962 518 1074 593 οἷονό

56 631 142 713 θεός
161 630 368 720 ὑφηγήσατο.
395 632 451 699 καὶ
469 629 534 718 γάρ
555 628 641 718 ὁμοῦ
659 657 691 698 τι
708 635 755 722 τῷ
774 637 897 700 τίκτειν
912 628 1075 717 εἶναιτὴν

55 738 180 827 κόρην,
199 737 283 808 ὥστε
302 736 384 824 <οόκ
403 743 472 824 είς>
490 735 621 825 μακρὰν
645 740 861 828 ῥᾳδιουργεῖν
881 737 1102 825 φανήσεταιι

56 848 248 933 παρεδίδου
280 843 319 911 δὲ
349 846 406 913 καλ
436 841 495 924 τάς
527 843 760 931 φυλαττούσας
788 844 851 932 τὴν
881 844 988 934 κόρην
1019 845 1075 912 καὶ

59 953 208 1038 ἐλέγχων
231 949 373 1031 οὐδενὸς
395 948 568 1038 ἀφίστατο.
608 954 712 1019 ταῦτα
735 953 892 1037 λέγοντος
913 948 1074 1019 αὐτοῦτὸ
1093 951 1116 1015 4

10 1057 129 1144 Θμὲν
152 1060 221 1126 των
245 1060 421 1144 συνέδρων
440 1060 571 1143 πλῆθος
593 1059 761 1143 ἐπείθετο,
782 1056 935 1145 Ἀμόλιος
959 1057 996 1125 δὲ
1020 1055 1075 1126 οά-

61 1164 121 1234 δὲν
153 1162 246 1251 ὑγιὲς
278 1162 442 1251 ἀπέφαινε
473 1167 542 1232 τῶν
569 1161 795 1252 ἀξιουμένων,
828 1163 900 1232 ἀλλ’
927 1167 962 1233 ἐκ
991 1188 1074 1232 παν-

58 1270 117 1352 τὸς
154 1269 288 1360 ὥρμητο
324 1270 452 1360 τρόπου
488 1268 550 1358 τὴν
590 1269 777 1359 ἀνθρωπον
814 1269 983 1340 ἀπολέσαι.
1038 1273 1075 1338 ἐν
1090 1297 1116 1337 ιο

62 1376 131 1470 όσφ
161 1377 199 1446 δὲ
225 1375 317 1446 ταῦτ’
343 1379 474 1463 ἐγένετο
496 1380 658 1466 Ιπαρῆσαν
688 1379 723 1444 oc
747 1374 810 1463 τὴν
839 1373 946 1445 ὠδῖνα
970 1403 1075 1464 φρον-

62 1498 135 1574 ρεῖν
163 1487 345 1572 ταχθέντες
370 1481 619 1571 ἀποφαίνοντες
647 1481 774 1571 ἀρρενα
806 1485 915 1573 βρέφη
949 1487 1076 1572 δίδυμα

61 1606 169 1662 τεκεῖν
196 1589 258 1678 τὴν
285 1591 407 1679 κόρην,
438 1592 495 1659 καλ
527 1588 645 1659 αὐτίκα
672 1593 832 1679 Νεμέτωρ
865 1590 927 1678 μὲν
960 1593 998 1659 έν
1029 1594 1074 1682 τῷ

62 1697 152 1791 αὐτῷ
175 1696 281 1778 πολὺς
302 1689 346 1784 ἦν
370 1696 460 1789 λόγφ
483 1701 544 1767 τοῦ
568 1701 654 1766 θεοῦ
680 1724 716 1766 τε
739 1695 940 1778 ἀποδεικνὺς
961 1696 999 1766 τὸ
1024 1703 1075 1786 ἔρ·

62 1833 124 1894 γον
147 1806 204 1874 καλ
227 1804 334 1893 μηδὲν
358 1809 405 1884 είς
427 1803 489 1892 τὴν
511 1805 618 1892 κόρην
637 1802 791 1873 ἀναίτιον
811 1797 917 1874 οὖσαν
935 1809 996 1875 τοῦ
1014 1803 1075 1872 πά-
1090 1827 1115 1869 ιι

62 1923 150 1993 θους
167 1926 376 2000 παρανομεῖν
399 1909 516 1993 ἀξιῶν·
537 1909 678 2003 Ἀμολίφ
703 1911 741 1979 δὲ
758 1916 827 1981 τῶν
850 1910 1075 1999 ἀνθρωπείων

62 2048 93 2089 τι
114 2016 365 2108 μηχανημάτων
392 2019 448 2085 καὶ
475 2015 514 2086 τὸ
537 2019 613 2105 περὶ
640 2016 700 2087 τὸν
727 2017 828 2087 τόκον
852 2019 962 2088 ἐδόκει
984 2019 1076 2104 γενέ-

63 2135 145 2195 σθαι
168 2124 506 2214 παρασκευασθέντος
535 2125 651 2211 ἑτέρου
677 2139 750 2205 ταῖς
773 2126 906 2211 γυναιξὶ
928 2130 1077 2213 βρέφους

62 2260 83 2320 η
113 2231 229 2322 κρύφα
265 2258 333 2299 των
369 2229 531 2319 φυλάκων
568 2257 589 2317 η
622 2230 987 2361 συγκακουργούντων,
1020 2229 1116 2370 καὶὃ

63 2337 168 2409 πολλὰ
188 2343 236 2418 ες
252 2365 352 2407 τουτο
372 2340 502 2424 ἐλέχθη.
545 2365 589 2417 ως
609 2337 697 2405 δὲ
664 2364 726 2424 την
744 2337 884 2425 γνώμην
901 2363 963 2406 του
948 2305 1116 2421 ’βασι-5
1089 2394 1115 2433 2⁰

66 2449 144 2526 λίως
167 2449 299 2532 ἔμαθον
324 2447 359 2512 οί
380 2442 577 2534 σόνεδροι’
558 2443 770 2534 απαραιτήτφ
787 2441 904 2532 <τη>’
888 2447 972 2531 οργῇ
991 2468 1075 2530 χρω·

67 2557 168 2639 μένην
197 2553 399 2619 ἐδικαίωσαν
430 2551 485 2618 καὶ
518 2549 613 2619 αὐτοὶ
644 2548 797 2638 καθάπερ
825 2553 952 2629 ἐκεῖνος
979 2548 1076 2637 ηξίου

68 2660 254 2748 χρήσασθαι
277 2659 323 2749 τῷ
342 2656 436 2747 νόμῳ
455 2657 627 2726 κελεύοντι
646 2655 707 2743 τὴν
727 2656 789 2744 μὲν
809 2655 1018 2744 αίσχόνασαν
1037 2655 1074 2725 τό

68 2771 157 2855 σῶμα
176 2764 318 2855 βάβδοις
335 2768 549 2832 αἰκισθεῖσαν
568 2762 768 2850 ἀποθανεῖν,
790 2762 828 2833 τό
851 2763 1075 2851 δδγεννηθὲν

10 2877 112 2956 Οθείς
137 2871 178 2943 τὸ
206 2876 268 2942 τοῦ
294 2875 446 2957 ποταμοῦ
470 2870 656 2957 βάλλεσθαι
684 2873 838 2958 ῥεῖθρον·
870 2876 936 2940 νῦν
959 2875 1074 2959 μέντοι
1089 2881 1114 2923 2⁵

135 3108 260 3208 θταότη
261 3157 278 3192 ν
296 3138 319 3191 Β
337 3137 427 3191 ταῦτα
446 3137 472 3191 Β
533 3145 604 3192 4-5
623 3102 671 3192 καλ
690 3133 788 3206 γάρ-
800 3133 960 3207 φανήσεται
979 3138 1075 3193 omB

60 3206 153 3266 5qu
172 3208 213 3272 είς
231 3158 295 3266 όδὰ.
315 3208 537 3298 Stephanus
490 3211 494 3276 λ
511 3208 538 3264 εί
555 3206 673 3281 ῥᾳδιουρ
674 3217 759 3278 γεῐο.
774 3208 876 3264 Reiske
945 3202 1074 3291 9ἀξιον-

59 3279 158 3340 μένων
156 3281 336 3367 Stqphanus
354 3279 537 3350 αξιολογουμ
525 3299 596 3334 ενων
617 3279 639 3334 Ο
697 3286 729 3334 12
750 3281 855 3350 δίδυμα
869 3282 934 3348 post
951 3271 1075 3343 κόρηνΒ

60 3351 104 3402 15
120 3372 168 3407 του
156 3347 299 3413 πάθους
318 3368 371 3406 om.
390 3350 413 3403 Β
476 3357 509 3404 21
530 3352 562 3422 τῇ
582 3351 645 3405 add.
661 3350 832 3420 Grasberger
845 3350 917 3404 Phil.
931 3345 1075 3400 XXXVIII

57 3431 97 3484 p.
117 3427 163 3479 548
236 3429 269 3477 23
289 3417 451 3491 χρήσασθαι
469 3421 491 3474 Β
510 3423 634 3492 χρῆσθαι
652 3424 678 3476 Β
