2454 3916
471 227 739 294 «Γ-

150 376 263 471 πρότη
291 380 351 452 τὸν
379 387 535 454 σωθέντα
561 380 712 471 ἀδελφὸν
742 383 900 450 ποθοῦσα
921 380 978 448 καί
1005 376 1065 460 τὰς
1088 376 1208 466 ἀρε-ιον

150 487 209 569 τὰς
234 493 303 559 τῶν
329 491 545 578 τεθνηκότων
577 487 656 577 παρ’
687 484 793 557 αὐτοῦ
822 495 946 574 μαθεῖν
976 487 1165 573 βουλομένη

149 600 219 664 τῶν
251 594 471 684 εὐσχημόνων
503 595 659 686 ὑπερίδοι
691 592 887 681 γυναικεῖόν
918 619 951 661 τι
982 591 1167 680 πάσχουσα.

111 703 131 769 3
151 699 171 788 ή
201 701 239 770 δὲ
266 701 331 791 ἀρα
360 702 401 773 οῦ
423 701 502 784 τοῦς
526 701 694 792 ἀδελφούς
720 705 879 770 ποθοῦσα
900 699 959 780 τάς
982 696 1169 787 ἀσυνήθεις

122 808 333 897 σέτόλμησεν
370 812 518 892 ἐξελθεῖν
556 808 679 894 ὁδούς,
716 804 789 875 ἀλλ’
823 811 921 894 έρωτι
956 806 1167 892 κρατουμένη

149 919 218 985 τῶν
241 913 392 998 ἀνεψιῶν
416 915 502 1002 ἑνός,
525 907 552 1010 ᾧ
575 913 840 1002 καθωμολόγητο
868 909 935 981 ὑπὸ
960 916 1021 981 τοῦ
1044 909 1169 1000 πατρὸς

152 1023 204 1091 ἐπὶ
227 1021 334 1112 γάμφ,
357 1023 413 1090 καὶ
431 1022 625 1110 κρύπτουσα
646 1020 816 1100 τὸπάθος
836 1017 1030 1108 ἀπόρρητον
1054 1017 1168 1106 ἐπειδὴ

152 1126 217 1211 [δὲ]
240 1130 308 1195 τῶν
336 1125 401 1196 ἀπὸ
430 1131 491 1197 τοῦ
519 1129 747 1217 στρατοπέδου
773 1125 867 1207 τινὸς
895 1125 1042 1214 ήκουσεν
1065 1123 1168 1213 ἀπαν-

151 1234 329 1319 χέλλοντος
355 1236 396 1303 τδι
422 1236 498 1325 περὶ
525 1234 588 1323 τήν
611 1234 736 1323 μάχην,
761 1232 871 1304 ούκέτι
894 1235 1069 1321 κατέσχεν,
1092 1229 1165 1302 ἀλλ’

111 1357 140 1397 1⁰
153 1341 333 1408 ἐκλιποῦσα
368 1339 431 1428 τήν
467 1345 578 1410 οίκίαν
615 1339 725 1428 ὥσπερ
763 1343 801 1408 αί
834 1338 997 1428 μαινάδες
1019 1341 1169 1428 Ἰέφίρετο

151 1445 236 1535 πρὸς
261 1445 320 1526 τάς
347 1445 453 1527 πύλας
479 1445 581 1516 οῦδὲν
610 1448 874 1535 ἐπιστρεφομένη
901 1450 961 1534 τῆς
982 1444 1170 1535 ἀνακαλού-

112 1553 214 1641 4σης
235 1579 270 1622 τε
293 1553 348 1621 καὶ
371 1552 643 1640 μεταδιωκούσης
670 1557 810 1641 τροφοῦ.
857 1555 918 1634 ἐξω
942 1552 980 1622 δὲ
1002 1556 1169 1642 γενομένη

151 1664 211 1747 τής
232 1659 361 1740 πόλεως
383 1658 429 1741 ὡς
450 1659 511 1729 τὸν
534 1658 685 1747 ἀδελφὸν
713 1658 783 1730 εἶδε
808 1663 970 1749 περιχαρῆ
998 1659 1080 1741 τοῦς
1102 1663 1170 1730 έπε-

153 1770 282 1845 νικίους
305 1768 513 1853 ἐπικείμενον
537 1767 740 1855 στεφάνους,
764 1761 815 1846 οἷς
840 1762 945 1835 αύτὸν
969 1766 987 1834 ὁ
1011 1766 1171 1855 βασιλεὺς

113 1897 139 1938 15
154 1871 312 1957 ἀνέδησε,
338 1873 394 1940 καὶ
421 1872 501 1952 τοῦς
529 1873 682 1964 ἑταίρους
709 1871 814 1942 αὐτοῦ
844 1875 1010 1961 φέροντας
1035 1872 1078 1942 τδι
1100 1878 1171 1943 τῶν

153 1981 415 2065 πεφονευμένων
439 1983 559 2066 σκῦλα,
588 1982 624 2049 έν
649 1975 700 2061 οἷς
722 1972 766 2068 ήν
789 1981 912 2058 πέπλος
933 1984 1100 2066 ποικίλος,
1130 1977 1170 2050 ὃν

154 2083 237 2172 αὐτή
262 2084 343 2171 μετὰ
366 2089 426 2172 τής
443 2087 567 2175 μητρὸς
590 2086 784 2174 ἐξυφήνασα
804 2089 850 2179 τῷ
870 2089 1037 2174 μνηστῆρι
1057 2089 1170 2176 δῶρον

155 2196 203 2272 εἰς
234 2192 294 2261 τὸν
326 2194 489 2278 μέλλοντα
521 2193 631 2280 γάμον
659 2191 854 2262 ἀπεστάλκει
886 2193 1074 2281 (ποικίλους
1104 2192 1170 2279 γάρ

155 2304 235 2379 ἔθος
258 2298 349 2368 ἐστὶν
372 2297 627 2386 ἀμφιέννυσθαι
650 2301 796 2379 πέπλους
817 2304 976 2367 Λατίνων
997 2314 1069 2380 τοῖς
1091 2315 1214 2388 μετ-463

114 2428 142 2472 ιο
156 2411 246 2475 ιοῦσι
273 2403 332 2485 τὰς
354 2404 516 2495 νύμφας),
534 2409 656 2476 τοῦτον
680 2404 722 2493 δή
741 2405 802 2475 τὸν
825 2406 953 2475 πέπλον
974 2407 1171 2494 θεασαμένη

154 2512 370 2600 πεφυρμένον
403 2515 518 2599 αἵματι
548 2511 610 2582 τόν
641 2538 676 2581 τε
707 2515 833 2600 χιτῶνα
863 2511 1086 2602 κατερρήξατο
1116 2514 1172 2583 καὶ

155 2634 226 2699 ταῖς
254 2619 369 2707 χερσὶν
397 2615 602 2707 ἀμφοτέραις
628 2623 775 2688 παίουσα
801 2617 839 2689 τὸ
873 2622 1000 2706 στήθος
1031 2618 1172 2707 ἐθρήνει

154 2726 210 2794 καὶ
233 2723 425 2794 ἀνεκαλεῖτο
448 2723 509 2794 τὸν
531 2723 687 2812 ἀνεψιόν,
710 2723 794 2793 ὥστε
816 2722 944 2813 πολλὴν
966 2723 1172 2813 κατάπληξιν

156 2835 323 2900 είσελθεῖν
352 2830 501 2913 ἅπαντας
524 2831 600 2902 ὅσοι
621 2830 705 2901 κατὰ
731 2830 792 2900 τὸν
818 2829 923 2900 αὐτὸν
945 2822 1033 2919 ἦσαν
1055 2831 1172 2902 τόπον.

116 2909 437 3038 Ξὲάνακλαυσαμένη
462 2940 499 3009 δὲ
521 2938 582 3010 τὸν
605 2938 713 3030 μόρον
743 2942 804 3009 τοῦ
828 2943 1018 3028 μνηστήρος
1040 2936 1172 3009 ἀτενέσι

157 3057 227 3124 τοῖς
247 3043 438 3134 ὀφθαλμοῖς
457 3052 505 3127 είς
517 3044 578 3116 τὸν
593 3044 743 3133 ἀδελφὸν
758 3043 822 3137 ὁρᾷ
840 3046 896 3113 καὶ
909 3047 1011 3132 λέγει·
1031 3046 1171 3135 Μιαρό-

156 3177 232 3220 τατε
255 3150 427 3242 ἀνθρωπε,
446 3159 572 3243 χαίρεις
596 3152 794 3234 ἀποκτείνας
810 3151 891 3233 τοὺς
908 3150 1070 3236 ἀνεψιούς
1087 3152 1171 3242 κάμὲ

229 3343 365 3419 1πράτη
387 3346 491 3403 Reiske
518 3348 676 3418 πράτονΟ
759 3348 854 3403 θεῶν
876 3349 899 3402 Β
922 3365 977 3404 om.
1000 3348 1026 3402 R
1103 3346 1170 3406 δέν

159 3413 213 3472 ἴσω
231 3420 258 3473 Α
329 3425 345 3474 ῖ
364 3419 414 3475 καλ
432 3416 602 3510 κρύπτουσα
617 3419 639 3475 Ο
659 3414 939 3491 κατακρύπτονοαο.
955 3419 1121 3506 ὃοθιαίῖῖρ.
1136 3427 1169 3478 20

158 3487 227 3544 8δδ
246 3489 301 3545 del.
320 3489 461 3562 Kieesling
533 3497 567 3547 15
588 3486 803 3564 έτ<αί>ρουςΒ
879 3495 913 3546 25
933 3486 1170 3564 μνήσ<ο>ροςΒ
