2454 3916
534 226 699 277 ..Γ-

111 399 182 462 τοῖς
212 382 357 469 ἀνδράσι
393 385 470 471 περὶ
502 379 606 452 αὐτοῦ
641 387 776 471 πρῶτον
811 379 1122 469 διαμαντεύσασθαι

111 495 172 560 τοῦ
194 490 311 576 τόπου,
334 495 384 570 τίς
407 488 673 576 ἐπιτηδειότατός
696 492 765 557 ἐστι
787 493 846 576 τής
865 487 993 567 πόλεως
1016 491 1124 574 χῶρος

113 596 202 683 ἱερὸς
228 596 386 666 ἀνεῖσθαι
413 597 469 664 καὶ
500 609 584 675 τοῖς,
601 605 708 675 θεοῖς.
724 593 839 675 αὐτοῖς
866 592 1008 682 μάλιστα
1029 620 1123 680 κεχα-

112 707 279 792 ρισμένος.
319 701 571 784 ἀποδειξάντων
599 701 630 770 δ’
656 700 770 770 αὐτόν
799 700 860 771 τὸν
883 699 1165 788 ὑπερκείμενον4

110 815 170 896 τής
196 809 323 898 άγορᾶς
349 809 474 898 λόφον,
505 806 543 889 δς
569 809 644 878 τότε
676 808 738 896 μὲν
765 811 912 878 ἐκαλεῖτο
944 806 1150 895 Ταρπήιος,ε

111 922 177 986 νῦν
210 917 248 986 δέ
276 924 522 1003 Καπιτωλῖνος,
555 909 657 996 αὖθις
693 918 866 985 ἐκέλευσεν
898 912 1021 993 αὐτοὺς
1052 917 1124 980 δια-

112 1026 405 1110 μαντευσαμένους
437 1026 541 1090 εἰπεῖν
574 1024 612 1091 ἐν
642 1020 748 1114 ὁποίφ
779 1025 841 1090 τοῦ
872 1019 983 1108 λόφου
1013 1025 1124 1110 χωρίφ

112 1132 239 1198 θέσθαι
269 1130 382 1216 δεήσει
411 1126 491 1207 τοδς
513 1133 709 1215 θεμελίους.
755 1132 862 1197 »τοῦτο
892 1127 934 1195 δὲ
962 1125 1002 1195 οὐ
1033 1124 1125 1194 πάνυ

113 1235 233 1325 ῥᾴδιον
255 1227 314 1323 ήν·
336 1235 456 1303 πολλοὶ
479 1232 543 1323 γάρ
567 1226 654 1321 ἦσαν
677 1236 715 1302 έν
733 1232 823 1325 αὐτῷ
846 1235 955 1320 βωμοί
973 1237 1066 1301 θεῶν
1089 1257 1125 1300 τε

112 1343 168 1410 καλ
196 1342 370 1430 δαιμόνων
403 1339 520 1426 ὀλίχον
552 1339 731 1426 ἀπέχοντες
761 1337 932 1426 ἀλλήλων,
965 1336 1025 1419 οδς
1057 1343 1124 1407 ἔδει
1139 1361 1166 1401 ιο
1221 1376 1224 1382 ·

112 1447 268 1533 μετάγειν
280 1449 434 1535 ῥἑτέρωσέ
446 1471 519 1532 ποι,
540 1447 597 1514 καὶ
616 1449 684 1514 πᾶν
698 1443 888 1514 ἀποδοῦναι
907 1449 954 1538 τῷ
968 1447 1124 1532 μέλλοντι

60 1567 189 1633 σεοτοῖς
209 1563 306 1634 θεοῖς
324 1555 453 1640 τεμένει
469 1551 674 1640 γενήσεσθαι
696 1550 734 1620 τὸ
754 1550 911 1621 δάπεδον.
961 1553 1055 1632 έδοξε
1081 1549 1123 1638 δή
1142 1547 1164 1613 5

112 1674 183 1740 τοῖς
206 1657 428 1740 οἰωνοπόλοις
450 1657 534 1746 ὑπὲρ
558 1659 700 1729 ἑκάστου
725 1662 842 1747 βωμοῦ
857 1662 937 1728 τῶν
959 1661 1124 1743 καθιδρυε

113 1770 226 1855 μένων
249 1769 606 1855 διαμαντευσαμένοις,
636 1765 695 1836 ἐάν
718 1769 963 1853 παραχωρῶσιν
992 1768 1028 1833 οί
1046 1765 1125 1833 θεοὶ

112 1873 187 1942 τότε
214 1889 322 1943 κινεῖν
350 1872 481 1954 αὐτούς.
509 1873 654 1962 «οῖ’-μὲν
687 1865 751 1942 οὖν
778 1871 875 1941 άλλοι
902 1876 984 1940 θεοί
1006 1898 1043 1940 τε
1068 1871 1125 1938 καλ
1139 1893 1165 1934 ιι

113 1984 273 2067 δαίμονες
294 1981 478 2070 ἐπέτρεψαν
502 1978 616 2059 αὐτοῖς
638 1983 686 2058 είς
708 1980 803 2066 έτερα
832 1984 938 2067 χωρία
960 1978 1038 2057 τοὺς
1061 1983 1125 2063 βω·
1149 2027 1151 2030 ,

114 2084 198 2173 μοὺς
220 2090 319 2174 σφῶν
342 2089 557 2176 μεταφέρειν,
576 2090 620 2170 ,οί
647 2086 684 2169 δέ
710 2090 773 2154 τοῦ
799 2087 968 2173 Τέρμονος
989 2087 1045 2152 καὶ
1067 2087 1126 2171 τής

113 2192 285 2279 Νεότητος
305 2190 413 2261 πολλά
436 2194 717 2281 παραιτουμένοις
745 2191 815 2271 τοῖς
838 2190 975 2278 μάντεσι
998 2191 1054 2258 καὶ
1076 2197 1126 2257 λι-.

113 2302 281 2386 παροῦσιν
306 2297 367 2367 οὐκ
390 2301 596 2386 ἐπείσθησαν
621 2296 695 2367 οὐδ’
721 2295 904 2385 ήυέσχουτο
928 2299 1126 2385 παραχωρή-

115 2425 171 2472 σαι
193 2404 407 2474 τῶντόπων.
451 2405 623 2493 τοιγάρτοι
646 2403 990 2492 συμπεριελήφθησαν
1012 2400 1126 2471 αὐτῶν
1139 2426 1167 2466 εο

115 2514 151 2579 ολ
174 2513 282 2597 βωμοί
308 2515 349 2600 τή
376 2515 562 2600 κατασκευῇ
594 2516 662 2581 τῶν
691 2514 807 2599 ίερῶν,
839 2510 895 2578 καί
922 2513 988 2577 νῦν
1016 2505 1034 2576 ὁ
1063 2506 1126 2594 μὲν

115 2616 226 2704 ἕτερός
248 2620 340 2687 ἐστιν
363 2620 400 2686 ἐν
422 2622 469 2709 τῷ
491 2618 631 2711 προνάφ
654 2623 715 2705 τής
734 2615 890 2704 Ἀθηνᾶς,
914 2612 932 2683 ό
958 2612 989 2681 δ’
1015 2615 1127 2701 έτερος
1164 2646 1170 2655 ·

114 2727 152 2792 έν
175 2722 265 2816 αὐτῷ
288 2728 334 2815 τῷ
358 2729 448 2818 σηκῷ
471 2730 615 2812 πλησίον
642 2728 703 2793 τοῦ
732 2725 839 2803 ἕδους.
883 2725 920 2791 ἐκ
943 2721 981 2790 δέ
1003 2720 1126 2790 τούτου
1145 2718 1165 2782 6

115 2832 305 2916 συνέβαλον
328 2835 364 2900 οί
384 2830 533 2925 μάντεις,
557 2829 612 2900 ότι
633 2835 693 2917 τής
709 2827 882 2917 Ῥωμαίων
900 2829 1028 2908 πόλεως
1049 2827 1126 2896 οὔτε

114 2932 194 3014 τοὺς
212 2931 316 3023 όρους
332 2936 544 3023 μετακινήσει
561 2934 679 3024 καιρὸς
696 2933 813 3016 οὐθεὶς
834 2934 912 3004 οάτε
929 2933 993 3023 τήν
1016 2932 1125 3022 άκμήυ
1140 2956 1166 2998 ω
1191 2962 1193 2966 ’

114 3046 304 3130 μεταβαλεῖ
335 3043 392 3110 καὶ
419 3045 514 3130 μέχρι
544 3046 614 3111 τῶν
644 3039 716 3111 κατ’
746 3040 816 3130 ἐμὲ
834 3041 969 3130 χρόνων
1000 3037 1126 3129 άληθὲς

188 3208 202 3255 1
222 3207 281 3264 τοις
298 3197 421 3293 ἀνδράσι
438 3203 555 3257 fortasse
569 3201 720 3257 delendum
739 3204 782 3258 οε1
841 3207 857 3257 6
876 3204 1067 3263 καπεταλῖνος
1081 3201 1127 3256 Ba

50 3275 52 3278 ’
117 3279 150 3328 11
165 3268 197 3328 τὸ
213 3271 313 3360 μέλλον
326 3279 386 3336 τοις
399 3277 481 3336 θεοῖς
493 3271 610 3359 τέμενος
622 3269 796 3342 γενήσεσθαι
810 3268 937 3326 δάπεδον
949 3272 995 3326 Ba
1047 3277 1080 3326 12
1094 3267 1126 3326 τὸ

115 3361 169 3399 om.
187 3346 211 3399 B
235 3345 240 3414 1
263 3338 366 3415 ὁμαλὲς
387 3346 452 3414 post
474 3340 601 3400 δάπεδον
628 3345 693 3399 add
720 3344 742 3398 B
835 3346 874 3401 16
885 3333 938 3396 οόν
969 3359 1023 3397 om.
1052 3342 1127 3396 ΔΒε

116 3421 149 3469 17
169 3415 259 3500 σφῶν
273 3431 328 3470 om.
347 3417 392 3470 Ba
478 3422 523 3471 18
535 3411 712 3499 μαντεόμασι
734 3417 760 3470 A
841 3419 873 3468 19
897 3408 1051 3482 ἀνέσχοντο
1074 3414 1136 3470 AB.

116 3492 150 3541 22
168 3481 295 3553 προνάωι
313 3488 339 3541 Α
409 3492 444 3541 26
463 3480 648 3558 μεταβαλ<η>
665 3485 689 3540 Β
