2438 3908
115 131 181 197 104
538 135 703 189 -Α-

113 296 429 381 κατασκευασθῆναι
456 291 537 362 αύτδ
564 291 622 363 ὑπ’
652 298 808 380 Αίνείου,
840 295 984 386 ἐνιαυτῷ
1012 294 1133 382 πρότε-

114 425 177 486 ρον
200 403 262 468 τού
284 401 435 488 πολέμου
456 400 581 470 τούτου
602 400 846 489 τελευτήσαντι.
873 399 997 469 ἔστιδὲ
1019 399 1134 488 χωμά-

113 532 188 574 τιον
212 503 253 574 ού
277 508 362 594 μέγα
383 508 439 575 καί
461 508 538 595 περὶ
566 505 647 576 αὐτὸ
672 509 799 596 δένδρα
821 505 1003 595 στοιχηδὸν
1023 530 1134 594 πεφυ-

113 610 194 682 κότα
216 615 300 693 θέας
321 611 406 696 άξια.

86 765 100 805 τ
181 739 280 808 LXV.
316 745 458 810 Αίνείου
486 738 517 808 δ’
548 742 582 822 ἐξ
610 738 805 829 άνθράπων
832 736 1058 828 μεταστάντος
1080 741 1134 828 iffi

115 843 209 937 δόμῳ
234 844 377 933 μάλιστα
400 851 465 915 ἔτει
488 845 570 935 μετά
591 845 653 934 τήν
673 844 777 914 Ἰλίου
798 843 928 915 άλωσιν
945 844 1134 933 Βλύρυλέων

115 953 282 1040 παρέλαβε
313 951 376 1040 τήν
407 958 564 1022 Λατίνων
596 950 781 1042 ήγεμονίαν
814 950 833 1022 δ
866 954 1135 1042 μετονομασθεὶς

113 1056 287 1139 Ἀσκάνιος
315 1061 352 1127 ἐν
380 1063 420 1148 τῇ
448 1063 550 1150 φυγή.
595 1052 683 1146 ἦσαν
712 1058 749 1128 δὲ
771 1059 934 1149 τειχήρεις
961 1062 999 1128 οί
1021 1064 1133 1148 Τρύες

116 1167 154 1233 έν
177 1168 222 1258 τῷ
246 1164 358 1258 χρόνῳ
381 1165 499 1258 τούτῳ,
522 1166 578 1234 καί
601 1180 671 1247 τοῖς
685 1164 747 1254 μὲν
769 1169 941 1254 πολεμίοις
963 1164 1016 1234 άεὶ
1030 1185 1131 1254 προσ-

76 1295 103 1336 ιο
116 1271 170 1362 ήει
193 1271 348 1362 δύναμις,
372 1276 410 1341 αί
431 1271 469 1341 δὲ
490 1276 560 1341 τῶν
584 1279 742 1342 Λατίνων
765 1271 928 1342 άδύνατοι
949 1265 1042 1359 ήσαν
1062 1286 1133 1354 τοῖς

75 1383 155 1451 2έν
178 1385 223 1474 τῷ
248 1385 422 1473 Λαουϊνίῳ
449 1381 749 1469 πολιορκουμένοις
772 1383 972 1470 ἐπικουρεῖν.
1006 1379 1047 1450 τὸ
1070 1379 1131 1469 μὲν

118 1486 161 1575 δὴ
183 1492 318 1578 πρῶτον
342 1492 390 1568 είς
412 1491 531 1575 φιλίαν
552 1513 589 1556 τε
606 1488 662 1555 καί
677 1485 852 1576 συνθήκας
873 1493 1009 1578 μετρίας
1030 1484 1130 1575 προίι

117 1598 283 1663 καλούντο
311 1592 390 1674 τούς
416 1597 597 1682 πολεμίους
624 1595 661 1661 οί
680 1594 756 1681 περὶ
778 1592 839 1663 τὸν
860 1592 1057 1664 Ἀσκάνιον·
1087 1588 1130 1672 ὥς

118 1699 150 1768 δ’
177 1699 279 1768 οὐδὲν
301 1714 482 1787 προσεῖχον
505 1697 634 1786 αὐτοῖς,
658 1701 844 1790 ἐπιτρέπειν
868 1703 1009 1782 ἐκείνοις
1031 1699 1127 1788 ήναγ-

77 1837 104 1879 15
117 1800 257 1889 κάζοντο
285 1805 540 1874 καταλύσασθαι
570 1804 631 1874 τὸν
662 1805 811 1894 πόλεμον
839 1805 893 1894 ἐφ’
920 1801 971 1887 οἷς
1001 1803 1046 1876 διν
1073 1804 1125 1876 αδ

117 1916 170 1984 τοὶ
194 1917 357 1982 δικαιῶσι.
402 1917 464 1980 τοῦ
487 1911 526 1980 δὲ
547 1914 711 1999 βασιλέως
732 1916 802 1981 τόν
826 1918 1012 2001 Ίυρρηνῶν
1036 1913 1075 1983 τά
1094 1937 1124 1982 τε

117 2021 203 2090 ἄλλα
226 2017 271 2100 ὡς
294 2021 562 2107 δεδουλωμένοις
579 2016 734 2108 ἀφόρητα
748 2019 986 2102 ἐπιτάσσοντος
1003 2017 1123 2090 καὶτὸν

121 2125 218 2198 οἶνον
243 2125 326 2196 ὅσον
341 2123 384 2195 άν
398 2123 419 2214 ή
434 2131 592 2195 Λατίνων
615 2130 657 2215 yn
676 2129 762 2215 φέρη
781 2134 970 2218 Τυρρηνοῖς
987 2125 1137 2214 άπάγεινῖ

118 2235 185 2306 άνδι
207 2240 275 2306 πᾶν
299 2240 381 2320 ἔτος,
406 2231 467 2303 οὐκ
494 2231 680 2320 ἀνασχετὸν
707 2231 915 2322 ἡγησάμενοι
937 2233 976 2304 τὸ
999 2237 1129 2322 πρᾶγμα

80 2371 109 2412 οο
122 2349 180 2432 τής
208 2343 270 2434 μὲν
298 2340 448 2430 άμπίλοο
474 2338 535 2411 τὸν
558 2338 688 2431 καρπὸν
717 2337 810 2431 ἱερὸν
840 2343 1050 2428 ἐψηφίσαντο
1071 2338 1124 2409 τού

120 2448 206 2532 Διὸς
237 2449 326 2520 εἶναι
356 2447 496 2536 γνύμην
533 2447 780 2538 ἀγορεύσαντος
808 2445 1005 2533 Ἀσκανίου,
1038 2442 1117 2515 αύτά

121 2558 159 2626 δὲ
182 2556 340 2646 άλλήλοις
361 2553 690 2644 παρακελευσάμενοι
716 2551 908 2641 προθύμοις
934 2552 1109 2640 άγωνισταῖ

119 2665 282 2751 γενέσθαι
317 2664 374 2731 καὶ
408 2659 513 2741 θεοὺς
554 2662 771 2748 αἰτησάμενοι
808 2663 1039 2748 συλλαβέσθαι
1071 2683 1100 2728 το

119 2769 386 2859 κινδυνεύματος
417 2771 562 2855 έξηλθον
600 2769 636 2836 έκ
670 2792 729 2854 της
764 2765 893 2848 πόλεως
928 2768 1093 2898 φυλάξηντ

80 2858 215 2946 3νύκτ’
245 2873 421 2962 άσέληνον.
467 2871 624 2955 εύθύςδ
626 2872 921 2960 ὲπροσβαλόντες
942 2879 988 2967 τῷ
1016 2874 1086 2963 χάρι

80 2947 190 3053 5τεόν
222 2977 457 3069 πολεμίων,
440 3008 477 3061 ος
505 2979 672 3067 ἐγγυτάτω
704 2984 763 3068 τής
789 2979 917 3060 πόλεως
947 2986 1078 3051 ἔκειτο

194 3203 228 3252 12
239 3195 380 3286 φιλίαςΒ
397 3197 401 3265 Ι
418 3194 533 3266 μετρίας
551 3189 734 3280 συνθήκαςΒ
809 3200 841 3248 13
860 3200 919 3257 τοῖς
932 3196 1064 3283 πολεμίῳ

123 3275 158 3325 14
186 3263 248 3324 άλλ’
274 3263 437 3338 ἐπιτρέπειν
462 3266 510 3321 Bb
602 3269 634 3319 15
662 3260 850 3320 λύσασθαιΒ
943 3270 976 3319 18
1005 3264 1059 3335 φέρ

159 3348 193 3397 20
216 3340 267 3396 τού
291 3357 346 3395 om
369 3340 395 3394 A
472 3343 506 3393 21
534 3337 585 3392 τοῦ
611 3330 755 3391 Ἀσκανίου
777 3336 803 3390 Α
831 3331 920 3392 αύτού
946 3331 1056 3391 Ἀσκανῖ

121 3413 225 3469 ΒεὶεΙιο
284 3417 319 3468 25
337 3406 452 3467 *νύκτα
470 3409 494 3466 Ο
