2454 3916
529 220 693 274 -B—

100 382 224 458 παῖδας
247 383 294 459 είς
321 377 499 468 ὁμηρείαν,
530 375 590 460 οὓς
618 380 791 468 ἐβούλετο,
819 381 933 469 λαβάν
961 383 1014 450 ἐπὶ
1038 381 1117 463 τοὺς

97 483 319 573 Ἀντεμνάτας
349 486 473 576 ἐχώρει.
513 485 709 574 ’γενόμενος
738 487 774 556 δὲ
806 489 861 557 καί
891 493 950 577 τῆς
976 491 1115 558 ἐκείνων

102 592 278 680 δυνάμεως
310 597 554 681 ἐσκεδασμένης
586 600 634 663 ἐτι
665 593 749 664 κατὰ
781 593 840 675 τὰς
871 593 1044 683 προνομάς
1074 599 1115 684 τῆ

100 697 179 788 παρ’
205 703 341 781 ἐλπίδας
371 700 484 792 ἐφόδῳ
516 700 670 790 καθάπερ
702 702 757 769 καὶ
785 706 845 789 τῆς
871 703 1034 790 προτέρας
1064 704 1116 787 ἐγ-

99 805 222 894 κρατῆς
242 808 298 876 καὶ
319 806 359 877 τὰ
380 806 467 877 αύτὰ
490 807 569 888 τούς
589 805 734 889 ἁλόντας
757 810 887 889 διαθείς
910 807 1037 895 άπῆγεν
1062 805 1111 876 ἐπ’
1143 835 1155 876 5

101 920 197 982 οίκου
216 913 278 1002 τῆν
301 915 458 1003 δύναμιν,
476 914 570 1001 άγων
595 915 700 984 σκῦλά
717 942 752 984 τε
773 913 838 984 άπὸ
860 919 928 984 τῶν
949 914 1115 983 πεπτωκό-

99 1047 168 1090 των
182 1020 266 1091 κατὰ
284 1021 345 1109 τῆν
364 1023 474 1110 μάχην
492 1023 548 1091 καὶ
562 1021 745 1110 ἀκροθίνια
759 1021 922 1111 λαφύρων
937 1032 1042 1107 θεοῖς,
1058 1023 1114 1090 καὶ

99 1126 225 1208 πολλάς
247 1127 316 1217 ἅμα
338 1130 470 1209 τούτοις
493 1135 617 1209 θυσίας
640 1129 828 1217 ἐποιήσατο.
864 1137 1054 1209 τελευταῖος
1077 1129 1115 1198 δέ
1133 1131 1155 1194 2

99 1238 159 1321 τῆς
180 1239 313 1323 πομπῆς
336 1234 437 1317 αὐτὸς
461 1236 637 1326 ἐπορεύετο
657 1239 785 1323 ἐσθῆτα
803 1236 864 1323 μὲν
887 1235 1114 1323 ἠμφιεσμένος

100 1339 267 1431 ἁλουργῆ,
292 1343 404 1433 δάφνῃ
430 1343 468 1412 δέ
491 1344 751 1430 κατεστεμμένος
772 1340 830 1422 τὰς
849 1341 956 1428 κόμας
977 1343 1032 1409 καί
1056 1344 1114 1410 ἵνα
1129 1368 1154 1408 ιο

44 1446 144 1516 σοττὸ
171 1454 344 1534 βασίλειον
368 1447 496 1537 άξίωμα
524 1449 610 1538 σύζη
643 1452 816 1538 τεθρίππῳ
846 1447 1114 1536 παρεμβεβηκώς.

98 1554 121 1641 ῆ
146 1553 177 1622 δ’
205 1554 288 1642 άλλη
313 1555 457 1642 δύναμις
480 1555 570 1648 αὐτῷ
593 1554 845 1643 παρηκολούθει
870 1558 977 1636 πεζῶν
1000 1556 1114 1624 τεκαὶ

100 1663 228 1730 ι’ππέων
264 1664 493 1750 κεκοσμημένη
530 1661 613 1732 κατὰ
645 1664 721 1748 τέλη
754 1660 858 1742 θεούς
890 1688 924 1730 τε
958 1660 1114 1749 ὑμνοῦσα

97 1774 251 1858 πατρίοις
274 1766 378 1859 ᾦδαῖς
400 1769 455 1837 καὶ
483 1767 543 1837 τὸν
567 1767 717 1857 ἡγεμόνα
739 1772 949 1838 κυδαίνουσα
972 1767 1113 1857 ποιήμα-

98 1893 156 1942 σιν
179 1874 417 1963 αύτοσχεδίοις.
464 1880 499 1944 οί
521 1873 551 1942 δ’
579 1878 614 1944 ἐκ
637 1880 695 1962 τῆς
716 1876 845 1956 πόλεως
872 1873 1030 1963 ὑπήντων
1055 1874 1113 1943 αύ-
1128 1900 1153 1941 15

97 1993 169 2060 τοῖς
191 1978 260 2068 ἁμα
282 1984 420 2067 γυναιξί
442 2008 478 2049 τε
500 1982 555 2049 καὶ
585 1983 714 2062 τέκνοις
736 1981 814 2070 παρ’
840 1981 941 2070 άμφω
965 1981 1006 2052 τὰ
1029 1984 1112 2071 μέρη

96 2091 157 2173 τῆς
180 2084 265 2155 ὁδού
287 2092 327 2175 τῆ
350 2115 385 2156 τε
406 2093 483 2177 νίκη
503 2088 731 2175 συνηδόμενοι
749 2090 804 2157 καὶ
822 2087 885 2176 τῆν
904 2088 1011 2177 άλλην
1030 2087 1112 2157 ἁπα-

98 2213 163 2260 σαυ
192 2194 444 2283 ἐνδεικνύμενοι
477 2195 746 2282 φιλοφροσύνην.
797 2193 842 2276 ὡς
870 2196 907 2265 δὲ
936 2201 1112 2284 παρῆλθεν

97 2297 119 2386 ῆ
149 2299 293 2387 δύναμις
324 2307 372 2381 είς
403 2300 465 2388 τῆν
498 2301 598 2370 πόλιν
630 2306 795 2390 κρατῆρσί
822 2328 858 2370 τε
891 2301 1112 2389 ἐπετύγχανεν

38 2425 97 2475 308
105 2416 188 2498 οῖνφ
210 2410 427 2495 κεκραμένοις
449 2409 504 2475 καὶ
527 2410 700 2496 τραπέζαις
727 2411 854 2496 τροφῆς
876 2413 1037 2488 παντοίας
1059 2435 1112 2495 γε·
1127 2433 1153 2473 ιο

43 2602 49 2611 ,
98 2514 256 2602 μούσαις,
294 2520 332 2582 αἳ
364 2513 454 2602 παρὰ
490 2514 548 2594 τὰς
589 2513 853 2600 ἐπιφανεστάτας
888 2519 957 2583 τῶν
995 2519 1112 2584 οίκιύν

99 2627 243 2707 ἔκειντο,
266 2623 323 2688 ἵνα
346 2623 570 2709 ἐμφορεῖσθαι
593 2635 664 2701 τοῖς
686 2622 908 2708 βουλομένοις
929 2613 960 2710 ῆ.
1007 2619 1026 2710 ῆ
1050 2620 1147 2710 μέν3

99 2720 162 2797 ούυ
187 2727 349 2809 ἐπινίκιός
371 2755 406 2796 τε
429 2730 485 2796 καὶ
507 2728 757 2816 τροπαιοφόρος
778 2729 892 2817 πομπῆ
916 2730 972 2797 καὶ
994 2735 1113 2816 θυσία,

98 2831 143 2921 ῆν
165 2839 307 2903 καλοῦσι
320 2833 477 2922 Ῥωμαῖοι
496 2841 679 2922 θρίαμβον,
700 2832 765 2904 ὑπὸ
783 2832 957 2923 Ῥωμύλου
977 2836 1113 2925 πριότου

171 3070 187 3119 2
205 3061 398 3137 Ἀντεμνάτας]
417 3061 568 3129 λοιποόςΤ
623 3074 638 3121 6
658 3066 777 3122 οίκωνΟ
796 3063 987 3123 πεπτωκότων
1004 3069 1112 3125 Bfiche·

98 3136 141 3190 ler
169 3133 313 3191 πεσόντων
345 3136 488 3207 Kiessling
515 3133 725 3193 ἀποθανόντων
756 3138 803 3193 vel
830 3133 957 3194 ἁλόντων
992 3139 1113 3210 Stepha-

99 3223 151 3261 nus
185 3201 371 3262 ἁπολωλότων
392 3207 496 3263 Reiske
527 3205 656 3263 άποίκων
678 3208 701 3261 Τ
785 3215 800 3263 7
823 3213 905 3270 θεοῖς
932 3205 1068 3279 λαφύρων
1090 3210 1113 3262 Τ

100 3273 274 3347 9ἐσθῆτιΒ
329 3284 362 3333 10
381 3274 502 3348 ἁλουργῖ
512 3280 558 3334 Bb
576 3275 700 3350 ἁλουργῆ
718 3282 744 3335 R
800 3286 833 3334 14
842 3283 977 3349 πατρίους
995 3297 1018 3336 ο.
1033 3280 1113 3335 Gele-

99 3350 161 3404 nius
235 3356 268 3404 16
288 3369 316 3404 τε
337 3351 453 3419 οω.ΒΙ
470 3349 593 3419 μέρηιΒ
656 3357 688 3405 17
708 3346 889 3421 συνιδόμενοι
908 3352 953 3406 Ba
1014 3359 1048 3406 20
1066 3370 1111 3406 κε-

100 3419 252 3490 κραμένοις
269 3420 292 3475 Β
318 3421 506 3492 κεκραμέναις
524 3422 549 3476 R
621 3427 654 3476 22
674 3427 733 3484 τοῖς
756 3417 948 3492 ἐμφορεῖσθαι
967 3420 999 3488 0,
1022 3424 1112 3477 trans·

99 3491 195 3560 posuit
212 3492 349 3548 Bficheler
