<?xml version="1.0" encoding="UTF-8"?>
<!DOCTYPE html PUBLIC "-//W3C//DTD XHTML 1.0 Transitional//EN"
    "http://www.w3.org/TR/xhtml1/DTD/xhtml1-transitional.dtd">
<html xmlns="http://www.w3.org/1999/xhtml" xml:lang="en" lang="en">
 <head>
  <title>
</title>
<meta http-equiv="Content-Type" content="text/html;charset=utf-8" />
  <meta name='ocr-system' content='tesseract 3.04.00' />
  <meta name='ocr-capabilities' content='ocr_page ocr_carea ocr_par ocr_line ocrx_word'/>
</head>
<body>
  <div class='ocr_page' id='page_1' title='image "./dionysihalicarn01diongoog_0281.png"; bbox 0 0 2454 3916; ppageno 0'>
   <div class='ocr_carea' id='block_1_1' title="bbox 492 224 656 285">
    <p class='ocr_par' dir='ltr' id='par_1_1' title="bbox 492 224 656 285">
     <span class='ocr_line' id='line_1_1' title="bbox 492 224 656 285; baseline 0 -15"><span class='ocrx_word' id='word_1_1' title='bbox 492 224 656 285; x_wconf 67' lang='grc' dir='ltr'><strong><em>..ης-</em></strong></span> 
     </span>
    </p>
   </div>
   <div class='ocr_carea' id='block_1_2' title="bbox 10 387 1209 2717">
    <p class='ocr_par' dir='ltr' id='par_1_2' title="bbox 10 387 1164 1223">
     <span class='ocr_line' id='line_1_2' title="bbox 33 387 1080 482; baseline 0.001 -23"><span class='ocrx_word' id='word_1_2' title='bbox 33 390 308 478; x_wconf 74' lang='grc' dir='ltr'><strong><em>γεγενημένην,</em></strong></span> <span class='ocrx_word' id='word_1_3' title='bbox 336 387 395 458; x_wconf 82' lang='grc' dir='ltr'><strong><em>ἐάυ</em></strong></span> <span class='ocrx_word' id='word_1_4' title='bbox 424 387 468 482; x_wconf 81' lang='grc' dir='ltr'><strong><em>μὴ</em></strong></span> <span class='ocrx_word' id='word_1_5' title='bbox 496 388 579 459; x_wconf 86' lang='grc' dir='ltr'><strong><em>κατά</em></strong></span> <span class='ocrx_word' id='word_1_6' title='bbox 605 387 686 469; x_wconf 85' lang='grc' dir='ltr'><strong><em>τοῦς</em></strong></span> <span class='ocrx_word' id='word_1_7' title='bbox 714 388 826 476; x_wconf 86' lang='grc' dir='ltr'><strong><em>ίεροῦς</em></strong></span> <span class='ocrx_word' id='word_1_8' title='bbox 854 390 935 480; x_wconf 79' lang='grc' dir='ltr'><strong><em>δόξη</em></strong></span> <span class='ocrx_word' id='word_1_9' title='bbox 958 396 1080 481; x_wconf 56' lang='grc' dir='ltr'><strong><em>πεπρῶι</em></strong></span> 
     </span>
     <span class='ocr_line' id='line_1_3' title="bbox 64 493 1118 585; baseline 0.002 -21"><span class='ocrx_word' id='word_1_10' title='bbox 64 506 148 584; x_wconf 81' lang='grc' dir='ltr'><strong><em>γθαι</em></strong></span> <span class='ocrx_word' id='word_1_11' title='bbox 175 495 318 583; x_wconf 88' lang='grc' dir='ltr'><strong><em>νόμους,</em></strong></span> <span class='ocrx_word' id='word_1_12' title='bbox 345 493 496 584; x_wconf 75' lang='grc' dir='ltr'><em>ἀκυροῦν</em></span> <span class='ocrx_word' id='word_1_13' title='bbox 527 497 584 564; x_wconf 82' lang='grc' dir='ltr'><strong><em>καὶ</em></strong></span> <span class='ocrx_word' id='word_1_14' title='bbox 611 493 669 576; x_wconf 88' lang='grc' dir='ltr'><strong><em>τάς</em></strong></span> <span class='ocrx_word' id='word_1_15' title='bbox 703 500 770 565; x_wconf 90' lang='grc' dir='ltr'><strong><em>τῶν</em></strong></span> <span class='ocrx_word' id='word_1_16' title='bbox 798 500 992 585; x_wconf 77' lang='grc' dir='ltr'><strong><em>στρατηγῶν</em></strong></span> <span class='ocrx_word' id='word_1_17' title='bbox 1019 522 1081 566; x_wconf 90' lang='grc' dir='ltr'><strong><em>πα-</em></strong></span> <span class='ocrx_word' id='word_1_18' title='bbox 1115 552 1118 556; x_wconf 14' lang='grc' dir='ltr'><strong>Α</strong></span> 
     </span>
     <span class='ocr_line' id='line_1_4' title="bbox 64 589 1081 690; baseline 0.002 -19"><span class='ocrx_word' id='word_1_19' title='bbox 64 608 244 690; x_wconf 87' lang='grc' dir='ltr'><strong><em>ρανομίας,</em></strong></span> <span class='ocrx_word' id='word_1_20' title='bbox 277 599 354 670; x_wconf 88' lang='grc' dir='ltr'><strong><em>όσαι</em></strong></span> <span class='ocrx_word' id='word_1_21' title='bbox 385 606 465 689; x_wconf 88' lang='grc' dir='ltr'><strong><em>περί</em></strong></span> <span class='ocrx_word' id='word_1_22' title='bbox 492 629 528 671; x_wconf 90' lang='grc' dir='ltr'><strong><em>τε</em></strong></span> <span class='ocrx_word' id='word_1_23' title='bbox 556 589 679 689; x_wconf 87' lang='grc' dir='ltr'><strong><em>όρκοῦς</em></strong></span> <span class='ocrx_word' id='word_1_24' title='bbox 709 603 766 671; x_wconf 88' lang='grc' dir='ltr'><strong><em>καί</em></strong></span> <span class='ocrx_word' id='word_1_25' title='bbox 799 594 949 684; x_wconf 83' lang='grc' dir='ltr'><strong><em>σπονδὰς</em></strong></span> <span class='ocrx_word' id='word_1_26' title='bbox 977 607 1081 674; x_wconf 89' lang='grc' dir='ltr'><strong><em>ἐπιτε-</em></strong></span> 
     </span>
     <span class='ocr_line' id='line_1_5' title="bbox 63 701 1079 838; baseline 0.001 -60"><span class='ocrx_word' id='word_1_27' title='bbox 63 713 220 794; x_wconf 80' lang='grc' dir='ltr'><strong><em>λοῦνται,</em></strong></span> <span class='ocrx_word' id='word_1_28' title='bbox 244 707 529 794; x_wconf 73' lang='grc' dir='ltr'><strong><em>διαγινώσκοντας</em></strong></span> <span class='ocrx_word' id='word_1_29' title='bbox 550 705 792 838; x_wconf 80' lang='grc' dir='ltr'><strong><em>ἀφοσιοῦσθαι,</em></strong></span> <span class='ocrx_word' id='word_1_30' title='bbox 821 701 951 797; x_wconf 82' lang='grc' dir='ltr'><strong><em>περὶ</em></strong></span> <span class='ocrx_word' id='word_1_31' title='bbox 925 737 974 820; x_wconf 73' lang='grc' dir='ltr'><strong><em>ιον</em></strong></span> <span class='ocrx_word' id='word_1_32' title='bbox 996 710 1079 781; x_wconf 83' lang='grc' dir='ltr'><strong><em>κατὰ</em></strong></span> 
     </span>
     <span class='ocr_line' id='line_1_6' title="bbox 62 811 1107 945; baseline 0.001 -60"><span class='ocrx_word' id='word_1_33' title='bbox 62 815 145 896; x_wconf 85' lang='grc' dir='ltr'><strong><em>τοῦς</em></strong></span> <span class='ocrx_word' id='word_1_34' title='bbox 172 819 317 894; x_wconf 76' lang='grc' dir='ltr'><strong><em>οἰκείους</em></strong></span> <span class='ocrx_word' id='word_1_35' title='bbox 342 813 484 903; x_wconf 84' lang='grc' dir='ltr'><strong><em>καιροὺς,</em></strong></span> <span class='ocrx_word' id='word_1_36' title='bbox 508 814 690 945; x_wconf 77' lang='grc' dir='ltr'><strong><em>ρτοιήσομαι</em></strong></span> <span class='ocrx_word' id='word_1_37' title='bbox 717 840 779 884; x_wconf 92' lang='grc' dir='ltr'><strong><em>τον</em></strong></span> <span class='ocrx_word' id='word_1_38' title='bbox 807 811 1012 903; x_wconf 86' lang='grc' dir='ltr'><strong><em>λόγον.τά</em></strong></span> <span class='ocrx_word' id='word_1_39' title='bbox 1042 817 1107 911; x_wconf 67' lang='grc' dir='ltr'><strong><em>δὲ,</em></strong></span> 
     </span>
     <span class='ocr_line' id='line_1_7' title="bbox 63 907 1080 1013; baseline 0.001 -21"><span class='ocrx_word' id='word_1_40' title='bbox 63 920 197 1013; x_wconf 83' lang='grc' dir='ltr'><strong><em>περὶ</em></strong></span> <span class='ocrx_word' id='word_1_41' title='bbox 162 948 221 1002; x_wconf 87' lang='grc' dir='ltr'><strong><em>τας</em></strong></span> <span class='ocrx_word' id='word_1_42' title='bbox 230 919 518 1010; x_wconf 77' lang='grc' dir='ltr'><strong><em>ἐπικηρυκείας</em></strong></span> <span class='ocrx_word' id='word_1_43' title='bbox 500 919 558 989; x_wconf 89' lang='grc' dir='ltr'><strong><em>υπ’</em></strong></span> <span class='ocrx_word' id='word_1_44' title='bbox 561 907 698 991; x_wconf 81' lang='grc' dir='ltr'><strong><em>αὐτῶν</em></strong></span> <span class='ocrx_word' id='word_1_45' title='bbox 705 921 907 1010; x_wconf 87' lang='grc' dir='ltr'><strong><em>γινόμενα,</em></strong></span> <span class='ocrx_word' id='word_1_46' title='bbox 936 921 991 992; x_wconf 86' lang='grc' dir='ltr'><strong><em>ότι</em></strong></span> <span class='ocrx_word' id='word_1_47' title='bbox 1017 922 1080 1012; x_wconf 80' lang='grc' dir='ltr'><strong><em>τὴν</em></strong></span> 
     </span>
     <span class='ocr_line' id='line_1_8' title="bbox 65 1025 1079 1119; baseline 0.002 -21"><span class='ocrx_word' id='word_1_48' title='bbox 65 1030 214 1112; x_wconf 75' lang='grc' dir='ltr'><strong><em>δόξασαν</em></strong></span> <span class='ocrx_word' id='word_1_49' title='bbox 236 1025 366 1096; x_wconf 88' lang='grc' dir='ltr'><strong><em>ἀδικεῖν</em></strong></span> <span class='ocrx_word' id='word_1_50' title='bbox 384 1026 485 1096; x_wconf 90' lang='grc' dir='ltr'><strong><em>πόλιν</em></strong></span> <span class='ocrx_word' id='word_1_51' title='bbox 510 1033 636 1098; x_wconf 79' lang='grc' dir='ltr'><strong><em>αἰτοῖεν</em></strong></span> <span class='ocrx_word' id='word_1_52' title='bbox 660 1032 763 1113; x_wconf 90' lang='grc' dir='ltr'><strong><em>δίκας</em></strong></span> <span class='ocrx_word' id='word_1_53' title='bbox 775 1026 811 1119; x_wconf 84' lang='grc' dir='ltr'><strong><em>(ἀ</em></strong></span> <span class='ocrx_word' id='word_1_54' title='bbox 803 1027 945 1111; x_wconf 82' lang='grc' dir='ltr'><strong><em>’ξιον</em></strong></span> <span class='ocrx_word' id='word_1_55' title='bbox 905 1056 971 1119; x_wconf 91' lang='grc' dir='ltr'><strong><em>γαρ</em></strong></span> <span class='ocrx_word' id='word_1_56' title='bbox 994 1030 1079 1118; x_wconf 73' lang='grc' dir='ltr'><strong><em>μηδὲ</em></strong></span> 
     </span>
     <span class='ocr_line' id='line_1_9' title="bbox 10 1132 1164 1223; baseline 0 -14"><span class='ocrx_word' id='word_1_57' title='bbox 10 1158 62 1210; x_wconf 71' lang='lat'><strong><em>392</em></strong></span> <span class='ocrx_word' id='word_1_58' title='bbox 70 1134 163 1205; x_wconf 89' lang='grc' dir='ltr'><strong><em>ταῦτ’</em></strong></span> <span class='ocrx_word' id='word_1_59' title='bbox 188 1132 327 1222; x_wconf 76' lang='grc' dir='ltr'><strong><em>ἀγνοεῖν</em></strong></span> <span class='ocrx_word' id='word_1_60' title='bbox 349 1133 433 1203; x_wconf 88' lang='grc' dir='ltr'><strong><em>κατά</em></strong></span> <span class='ocrx_word' id='word_1_61' title='bbox 455 1133 584 1221; x_wconf 76' lang='grc' dir='ltr'><strong><em>πολλὴν</em></strong></span> <span class='ocrx_word' id='word_1_62' title='bbox 608 1139 775 1223; x_wconf 75' lang='grc' dir='ltr'><strong><em>φροντίδα</em></strong></span> <span class='ocrx_word' id='word_1_63' title='bbox 798 1138 868 1204; x_wconf 88' lang='grc' dir='ltr'><strong><em>τῶν</em></strong></span> <span class='ocrx_word' id='word_1_64' title='bbox 896 1134 1001 1206; x_wconf 86' lang='grc' dir='ltr'><strong><em>ὁσίαν</em></strong></span> <span class='ocrx_word' id='word_1_65' title='bbox 1024 1138 1081 1205; x_wconf 91' lang='grc' dir='ltr'><strong><em>καί</em></strong></span> <span class='ocrx_word' id='word_1_66' title='bbox 1162 1207 1164 1209; x_wconf 82' lang='grc'><strong>,</strong></span> 
     </span>
    </p>

    <p class='ocr_par' dir='ltr' id='par_1_3' title="bbox 63 1229 1209 1546">
     <span class='ocr_line' id='line_1_10' title="bbox 65 1229 1079 1331; baseline 0 -20"><span class='ocrx_word' id='word_1_67' title='bbox 65 1229 205 1311; x_wconf 85' lang='grc' dir='ltr'><strong><em>δικαίων</em></strong></span> <span class='ocrx_word' id='word_1_68' title='bbox 223 1240 399 1330; x_wconf 87' lang='grc' dir='ltr'><strong><em>γινόμενα)</em></strong></span> <span class='ocrx_word' id='word_1_69' title='bbox 418 1245 556 1310; x_wconf 91' lang='grc' dir='ltr'><strong><em>τοιαῦτα</em></strong></span> <span class='ocrx_word' id='word_1_70' title='bbox 575 1243 780 1329; x_wconf 80' lang='grc' dir='ltr'><strong><em>παρέλαβον·</em></strong></span> <span class='ocrx_word' id='word_1_71' title='bbox 804 1238 853 1322; x_wconf 81' lang='grc' dir='ltr'><strong><em>εἰς</em></strong></span> <span class='ocrx_word' id='word_1_72' title='bbox 870 1242 932 1331; x_wconf 69' lang='grc' dir='ltr'><strong><em>μὲν</em></strong></span> <span class='ocrx_word' id='word_1_73' title='bbox 956 1246 993 1312; x_wconf 85' lang='grc' dir='ltr'><strong><em>ἐκ</em></strong></span> <span class='ocrx_word' id='word_1_74' title='bbox 1009 1247 1079 1313; x_wconf 88' lang='grc' dir='ltr'><strong><em>τῶν</em></strong></span> 
     </span>
     <span class='ocr_line' id='line_1_11' title="bbox 63 1343 1209 1437; baseline -0.003 -19"><span class='ocrx_word' id='word_1_75' title='bbox 63 1351 303 1436; x_wconf 77' lang='grc' dir='ltr'><strong><em>εἰρηνοδικῶν,</em></strong></span> <span class='ocrx_word' id='word_1_76' title='bbox 332 1343 373 1416; x_wconf 86' lang='grc' dir='ltr'><strong><em>δν</em></strong></span> <span class='ocrx_word' id='word_1_77' title='bbox 401 1351 438 1416; x_wconf 88' lang='grc' dir='ltr'><strong><em>οί</em></strong></span> <span class='ocrx_word' id='word_1_78' title='bbox 462 1349 574 1416; x_wconf 81' lang='grc' dir='ltr'><strong><em>λοιποὶ</em></strong></span> <span class='ocrx_word' id='word_1_79' title='bbox 605 1353 892 1436; x_wconf 81' lang='grc' dir='ltr'><strong><em>προχειρίσαιντο,</em></strong></span> <span class='ocrx_word' id='word_1_80' title='bbox 919 1369 1079 1437; x_wconf 88' lang='grc' dir='ltr'><strong><em>κεκοσμη-</em></strong></span> <span class='ocrx_word' id='word_1_81' title='bbox 1094 1375 1121 1416; x_wconf 81' lang='grc' dir='ltr'><strong><em>ιο</em></strong></span> <span class='ocrx_word' id='word_1_82' title='bbox 1205 1350 1209 1357; x_wconf 80' lang='grc'><strong>’</strong></span> 
     </span>
     <span class='ocr_line' id='line_1_12' title="bbox 63 1449 1079 1546; baseline 0 -22"><span class='ocrx_word' id='word_1_83' title='bbox 63 1457 164 1544; x_wconf 86' lang='grc' dir='ltr'><strong><em>μίνος</em></strong></span> <span class='ocrx_word' id='word_1_84' title='bbox 191 1456 309 1542; x_wconf 77' lang='grc' dir='ltr'><strong><em>ἐσθῆτι</em></strong></span> <span class='ocrx_word' id='word_1_85' title='bbox 335 1455 391 1522; x_wconf 84' lang='grc' dir='ltr'><strong><em>καί</em></strong></span> <span class='ocrx_word' id='word_1_86' title='bbox 420 1454 614 1542; x_wconf 79' lang='grc' dir='ltr'><strong><em>φορήμασιν</em></strong></span> <span class='ocrx_word' id='word_1_87' title='bbox 638 1459 756 1541; x_wconf 87' lang='grc' dir='ltr'><strong><em>ίεροῖς,</em></strong></span> <span class='ocrx_word' id='word_1_88' title='bbox 785 1458 843 1524; x_wconf 79' lang='grc' dir='ltr'><strong><em>ἵνα</em></strong></span> <span class='ocrx_word' id='word_1_89' title='bbox 870 1455 1031 1543; x_wconf 86' lang='grc' dir='ltr'><strong><em>διάδηλος</em></strong></span> <span class='ocrx_word' id='word_1_90' title='bbox 1057 1449 1079 1546; x_wconf 69' lang='grc' dir='ltr'><strong><em>γ’]</em></strong></span> 
     </span>
    </p>

    <p class='ocr_par' dir='ltr' id='par_1_4' title="bbox 62 1549 1079 1657">
     <span class='ocr_line' id='line_1_13' title="bbox 62 1549 1079 1657; baseline 0 -26"><span class='ocrx_word' id='word_1_91' title='bbox 62 1562 154 1657; x_wconf 89' lang='grc' dir='ltr'><strong><em>παρά</em></strong></span> <span class='ocrx_word' id='word_1_92' title='bbox 181 1560 262 1643; x_wconf 88' lang='grc' dir='ltr'><strong><em>τοῦς</em></strong></span> <span class='ocrx_word' id='word_1_93' title='bbox 289 1560 427 1648; x_wconf 85' lang='grc' dir='ltr'><strong><em>ἀλλους,</em></strong></span> <span class='ocrx_word' id='word_1_94' title='bbox 457 1567 504 1643; x_wconf 86' lang='grc' dir='ltr'><strong><em>εἰς</em></strong></span> <span class='ocrx_word' id='word_1_95' title='bbox 523 1549 593 1649; x_wconf 57' lang='grc' dir='ltr'><strong><em>7τὴν</em></strong></span> <span class='ocrx_word' id='word_1_96' title='bbox 621 1567 696 1630; x_wconf 86' lang='grc' dir='ltr'><strong><em>τῶν</em></strong></span> <span class='ocrx_word' id='word_1_97' title='bbox 712 1560 925 1632; x_wconf 81' lang='grc' dir='ltr'><strong><em>ἀδικούντων</em></strong></span> <span class='ocrx_word' id='word_1_98' title='bbox 947 1569 1079 1650; x_wconf 88' lang='grc' dir='ltr'><strong><em>παρεγί-</em></strong></span> 
     </span>
    </p>

    <p class='ocr_par' dir='ltr' id='par_1_5' title="bbox 62 1666 1080 1757">
     <span class='ocr_line' id='line_1_14' title="bbox 62 1666 1080 1757; baseline -0.002 -19"><span class='ocrx_word' id='word_1_99' title='bbox 62 1696 141 1738; x_wconf 88' lang='grc' dir='ltr'><strong><em>νετο</em></strong></span> <span class='ocrx_word' id='word_1_100' title='bbox 169 1667 285 1737; x_wconf 90' lang='grc' dir='ltr'><strong><em>πόλιν·</em></strong></span> <span class='ocrx_word' id='word_1_101' title='bbox 317 1668 450 1748; x_wconf 80' lang='grc' dir='ltr'><strong><em>ἐπιστὰς</em></strong></span> <span class='ocrx_word' id='word_1_102' title='bbox 479 1669 517 1737; x_wconf 74' lang='grc' dir='ltr'><strong><em>δὲ</em></strong></span> <span class='ocrx_word' id='word_1_103' title='bbox 544 1683 616 1748; x_wconf 87' lang='grc' dir='ltr'><strong><em>τοῖς</em></strong></span> <span class='ocrx_word' id='word_1_104' title='bbox 643 1666 749 1757; x_wconf 84' lang='grc' dir='ltr'><strong><em>ὁρίοις</em></strong></span> <span class='ocrx_word' id='word_1_105' title='bbox 776 1667 837 1739; x_wconf 91' lang='grc' dir='ltr'><strong><em>τόν</em></strong></span> <span class='ocrx_word' id='word_1_106' title='bbox 863 1695 898 1738; x_wconf 92' lang='grc' dir='ltr'><strong><em>τε</em></strong></span> <span class='ocrx_word' id='word_1_107' title='bbox 927 1675 996 1736; x_wconf 86' lang='grc' dir='ltr'><strong><em>Δία</em></strong></span> <span class='ocrx_word' id='word_1_108' title='bbox 1023 1670 1080 1737; x_wconf 81' lang='grc' dir='ltr'><strong><em>καὶ</em></strong></span> 
     </span>
    </p>

    <p class='ocr_par' dir='ltr' id='par_1_6' title="bbox 62 1773 1079 1864">
     <span class='ocr_line' id='line_1_15' title="bbox 62 1773 1079 1864; baseline -0.002 -19"><span class='ocrx_word' id='word_1_109' title='bbox 62 1774 142 1857; x_wconf 85' lang='grc' dir='ltr'><strong><em>τούς</em></strong></span> <span class='ocrx_word' id='word_1_110' title='bbox 165 1774 288 1855; x_wconf 88' lang='grc' dir='ltr'><strong><em>ἀλλους</em></strong></span> <span class='ocrx_word' id='word_1_111' title='bbox 311 1777 498 1844; x_wconf 77' lang='grc' dir='ltr'><strong><em>ἐπεκαλεῖτο</em></strong></span> <span class='ocrx_word' id='word_1_112' title='bbox 516 1773 621 1855; x_wconf 78' lang='grc' dir='ltr'><strong><em>θεούς</em></strong></span> <span class='ocrx_word' id='word_1_113' title='bbox 639 1775 892 1864; x_wconf 84' lang='grc' dir='ltr'><strong><em>μαρτυρόμενος</em></strong></span> <span class='ocrx_word' id='word_1_114' title='bbox 910 1774 962 1844; x_wconf 87' lang='grc' dir='ltr'><strong><em>ότι</em></strong></span> <span class='ocrx_word' id='word_1_115' title='bbox 983 1779 1079 1856; x_wconf 74' lang='grc' dir='ltr'><strong><em>’δίκας</em></strong></span> 
     </span>
    </p>

    <p class='ocr_par' dir='ltr' id='par_1_7' title="bbox 63 1856 1119 1983">
     <span class='ocr_line' id='line_1_16' title="bbox 63 1856 1119 1983; baseline -0.001 -32"><span class='ocrx_word' id='word_1_116' title='bbox 63 1887 167 1952; x_wconf 90' lang='grc' dir='ltr'><strong><em>αἰτῶν</em></strong></span> <span class='ocrx_word' id='word_1_117' title='bbox 190 1880 264 1969; x_wconf 72' lang='grc' dir='ltr'><strong><em>ἥκει,</em></strong></span> <span class='ocrx_word' id='word_1_118' title='bbox 284 1883 360 1967; x_wconf 84' lang='grc' dir='ltr'><strong><em>περὶ</em></strong></span> <span class='ocrx_word' id='word_1_119' title='bbox 382 1886 441 1968; x_wconf 76' lang='grc' dir='ltr'><strong><em>τῆς</em></strong></span> <span class='ocrx_word' id='word_1_120' title='bbox 458 1879 631 1970; x_wconf 83' lang='grc' dir='ltr'><strong><em>Ῥωμαίων</em></strong></span> <span class='ocrx_word' id='word_1_121' title='bbox 652 1883 793 1963; x_wconf 86' lang='grc' dir='ltr'><strong><em>πόλεως·</em></strong></span> <span class='ocrx_word' id='word_1_122' title='bbox 818 1888 929 1952; x_wconf 75' lang='grc' dir='ltr'><strong><em>ἔπειτα</em></strong></span> <span class='ocrx_word' id='word_1_123' title='bbox 952 1856 1119 1983; x_wconf 51' lang='grc' dir='ltr'><strong><em>όμόσαςιῗὁ</em></strong></span> 
     </span>
    </p>

    <p class='ocr_par' dir='ltr' id='par_1_8' title="bbox 57 1987 1079 2398">
     <span class='ocr_line' id='line_1_17' title="bbox 63 1987 1079 2079; baseline 0 -21"><span class='ocrx_word' id='word_1_124' title='bbox 63 1988 116 2058; x_wconf 83' lang='grc' dir='ltr'><strong><em>ὅτι</em></strong></span> <span class='ocrx_word' id='word_1_125' title='bbox 142 1987 226 2078; x_wconf 88' lang='grc' dir='ltr'><strong><em>πρὸς</em></strong></span> <span class='ocrx_word' id='word_1_126' title='bbox 252 1987 436 2074; x_wconf 83' lang='grc' dir='ltr'><strong><em>ἀδικοῦσαν</em></strong></span> <span class='ocrx_word' id='word_1_127' title='bbox 465 1993 595 2076; x_wconf 79' lang='grc' dir='ltr'><strong><em>ἔρχεται</em></strong></span> <span class='ocrx_word' id='word_1_128' title='bbox 620 1988 722 2058; x_wconf 81' lang='grc' dir='ltr'><strong><em>πόλιν</em></strong></span> <span class='ocrx_word' id='word_1_129' title='bbox 750 1990 807 2058; x_wconf 85' lang='grc' dir='ltr'><strong><em>καὶ</em></strong></span> <span class='ocrx_word' id='word_1_130' title='bbox 834 1988 918 2079; x_wconf 79' lang='grc' dir='ltr'><strong><em>ἀρὰς</em></strong></span> <span class='ocrx_word' id='word_1_131' title='bbox 943 1987 1001 2071; x_wconf 88' lang='grc' dir='ltr'><strong><em>τάς</em></strong></span> <span class='ocrx_word' id='word_1_132' title='bbox 1023 2016 1079 2077; x_wconf 88' lang='grc' dir='ltr'><strong><em>με-</em></strong></span> 
     </span>
     <span class='ocr_line' id='line_1_18' title="bbox 61 2085 1078 2189; baseline 0 -24"><span class='ocrx_word' id='word_1_133' title='bbox 61 2102 178 2184; x_wconf 91' lang='grc' dir='ltr'><strong><em>γίστας</em></strong></span> <span class='ocrx_word' id='word_1_134' title='bbox 195 2101 240 2164; x_wconf 88' lang='grc' dir='ltr'><strong><em>,εἰ</em></strong></span> <span class='ocrx_word' id='word_1_135' title='bbox 269 2095 429 2178; x_wconf 78' lang='grc' dir='ltr'><strong><em>ψεύδοιτο</em></strong></span> <span class='ocrx_word' id='word_1_136' title='bbox 463 2085 714 2185; x_wconf 77' lang='grc' dir='ltr'><strong><em>ἐπαρασάμενος</em></strong></span> <span class='ocrx_word' id='word_1_137' title='bbox 746 2096 853 2189; x_wconf 74' lang='grc' dir='ltr'><strong><em>ἑαυτῷ</em></strong></span> <span class='ocrx_word' id='word_1_138' title='bbox 886 2122 922 2165; x_wconf 89' lang='grc' dir='ltr'><strong><em>τε</em></strong></span> <span class='ocrx_word' id='word_1_139' title='bbox 952 2096 1009 2164; x_wconf 85' lang='grc' dir='ltr'><strong><em>καὶ</em></strong></span> <span class='ocrx_word' id='word_1_140' title='bbox 1038 2100 1078 2185; x_wconf 75' lang='grc' dir='ltr'><strong><em>τῇ</em></strong></span> 
     </span>
     <span class='ocr_line' id='line_1_19' title="bbox 57 2198 1078 2293; baseline -0.001 -21"><span class='ocrx_word' id='word_1_141' title='bbox 57 2201 184 2293; x_wconf 74' lang='grc' dir='ltr'><strong><em>Ῥύμῃ,</em></strong></span> <span class='ocrx_word' id='word_1_142' title='bbox 210 2198 280 2271; x_wconf 89' lang='grc' dir='ltr'><strong><em>τότ’</em></strong></span> <span class='ocrx_word' id='word_1_143' title='bbox 306 2201 400 2282; x_wconf 89' lang='grc' dir='ltr'><strong><em>ἐντὸς</em></strong></span> <span class='ocrx_word' id='word_1_144' title='bbox 426 2201 480 2292; x_wconf 79' lang='grc' dir='ltr'><strong><em>ᾔει</em></strong></span> <span class='ocrx_word' id='word_1_145' title='bbox 506 2205 575 2270; x_wconf 89' lang='grc' dir='ltr'><strong><em>τῶν</em></strong></span> <span class='ocrx_word' id='word_1_146' title='bbox 598 2199 701 2291; x_wconf 83' lang='grc' dir='ltr'><strong><em>όρων·</em></strong></span> <span class='ocrx_word' id='word_1_147' title='bbox 735 2205 846 2270; x_wconf 80' lang='grc' dir='ltr'><strong><em>ἔπειτα</em></strong></span> <span class='ocrx_word' id='word_1_148' title='bbox 869 2200 935 2293; x_wconf 86' lang='grc' dir='ltr'><strong><em>ὅτφ</em></strong></span> <span class='ocrx_word' id='word_1_149' title='bbox 958 2203 1078 2293; x_wconf 87' lang='grc' dir='ltr'><strong><em>πρῶτφ</em></strong></span> 
     </span>
     <span class='ocr_line' id='line_1_20' title="bbox 61 2306 1077 2398; baseline -0.003 -19"><span class='ocrx_word' id='word_1_150' title='bbox 61 2309 234 2398; x_wconf 84' lang='grc' dir='ltr'><strong><em>περιτύχοι</em></strong></span> <span class='ocrx_word' id='word_1_151' title='bbox 255 2312 378 2377; x_wconf 90' lang='grc' dir='ltr'><strong><em>τοῦτον</em></strong></span> <span class='ocrx_word' id='word_1_152' title='bbox 397 2309 715 2397; x_wconf 82' lang='grc' dir='ltr'><strong><em>ἐπιμαρτυρόμενος,</em></strong></span> <span class='ocrx_word' id='word_1_153' title='bbox 734 2316 800 2377; x_wconf 83' lang='grc' dir='ltr'><strong><em>είτε</em></strong></span> <span class='ocrx_word' id='word_1_154' title='bbox 817 2310 886 2376; x_wconf 91' lang='grc' dir='ltr'><strong><em>τῶν</em></strong></span> <span class='ocrx_word' id='word_1_155' title='bbox 909 2306 1077 2394; x_wconf 83' lang='grc' dir='ltr'><strong><em>ἀγροίκων</em></strong></span> 
     </span>
    </p>

    <p class='ocr_par' dir='ltr' id='par_1_9' title="bbox 61 2403 1119 2717">
     <span class='ocr_line' id='line_1_21' title="bbox 62 2403 1119 2502; baseline -0.005 -18"><span class='ocrx_word' id='word_1_156' title='bbox 62 2426 128 2485; x_wconf 88' lang='grc' dir='ltr'><strong><em>εῖτε</em></strong></span> <span class='ocrx_word' id='word_1_157' title='bbox 150 2419 218 2485; x_wconf 93' lang='grc' dir='ltr'><strong><em>τῶν</em></strong></span> <span class='ocrx_word' id='word_1_158' title='bbox 240 2418 422 2484; x_wconf 88' lang='grc' dir='ltr'><strong><em>πολιτικῶν</em></strong></span> <span class='ocrx_word' id='word_1_159' title='bbox 441 2423 504 2502; x_wconf 90' lang='grc' dir='ltr'><strong><em>είη,</em></strong></span> <span class='ocrx_word' id='word_1_160' title='bbox 526 2415 583 2483; x_wconf 83' lang='grc' dir='ltr'><strong><em>καὶ</em></strong></span> <span class='ocrx_word' id='word_1_161' title='bbox 605 2413 664 2495; x_wconf 81' lang='grc' dir='ltr'><strong><em>τὰς</em></strong></span> <span class='ocrx_word' id='word_1_162' title='bbox 681 2411 786 2495; x_wconf 88' lang='grc' dir='ltr'><strong><em>αύτάς</em></strong></span> <span class='ocrx_word' id='word_1_163' title='bbox 808 2403 971 2502; x_wconf 73' lang='grc' dir='ltr'><strong><em>προσθεὶς</em></strong></span> <span class='ocrx_word' id='word_1_164' title='bbox 993 2410 1078 2502; x_wconf 90' lang='grc' dir='ltr'><strong><em>ἀράς</em></strong></span> <span class='ocrx_word' id='word_1_165' title='bbox 1092 2438 1119 2491; x_wconf 86' lang='grc' dir='ltr'><strong><em>ιο</em></strong></span> 
     </span>
     <span class='ocr_line' id='line_1_22' title="bbox 61 2515 1079 2614; baseline -0.002 -24"><span class='ocrx_word' id='word_1_166' title='bbox 61 2521 146 2612; x_wconf 89' lang='grc' dir='ltr'><strong><em>πρὸς</em></strong></span> <span class='ocrx_word' id='word_1_167' title='bbox 168 2520 231 2608; x_wconf 81' lang='grc' dir='ltr'><strong><em>τὴν</em></strong></span> <span class='ocrx_word' id='word_1_168' title='bbox 253 2522 353 2590; x_wconf 90' lang='grc' dir='ltr'><strong><em>πόλιν</em></strong></span> <span class='ocrx_word' id='word_1_169' title='bbox 376 2520 490 2614; x_wconf 71' lang='grc' dir='ltr'><strong><em>ᾤχετο,</em></strong></span> <span class='ocrx_word' id='word_1_170' title='bbox 513 2515 597 2612; x_wconf 80' lang='grc' dir='ltr'><strong><em>κᾷτα</em></strong></span> <span class='ocrx_word' id='word_1_171' title='bbox 614 2523 696 2610; x_wconf 82' lang='grc' dir='ltr'><strong><em>πρὶν</em></strong></span> <span class='ocrx_word' id='word_1_172' title='bbox 719 2526 766 2601; x_wconf 90' lang='grc' dir='ltr'><strong><em>εἰς</em></strong></span> <span class='ocrx_word' id='word_1_173' title='bbox 787 2518 851 2608; x_wconf 80' lang='grc' dir='ltr'><strong><em>τὴν</em></strong></span> <span class='ocrx_word' id='word_1_174' title='bbox 874 2519 975 2588; x_wconf 90' lang='grc' dir='ltr'><strong><em>πόλιν</em></strong></span> <span class='ocrx_word' id='word_1_175' title='bbox 996 2543 1079 2607; x_wconf 88' lang='grc' dir='ltr'><strong><em>παρ-</em></strong></span> 
     </span>
     <span class='ocr_line' id='line_1_23' title="bbox 62 2624 1078 2717; baseline -0.003 -20"><span class='ocrx_word' id='word_1_176' title='bbox 62 2637 178 2697; x_wconf 76' lang='grc' dir='ltr'><strong><em>ελθεῖν</em></strong></span> <span class='ocrx_word' id='word_1_177' title='bbox 203 2628 265 2697; x_wconf 90' lang='grc' dir='ltr'><strong><em>τὸν</em></strong></span> <span class='ocrx_word' id='word_1_178' title='bbox 294 2628 453 2716; x_wconf 83' lang='grc' dir='ltr'><strong><em>πυλωρὸν</em></strong></span> <span class='ocrx_word' id='word_1_179' title='bbox 479 2624 500 2716; x_wconf 78' lang='grc' dir='ltr'>ἢ</span> <span class='ocrx_word' id='word_1_180' title='bbox 529 2629 588 2697; x_wconf 89' lang='grc' dir='ltr'><strong><em>τὸν</em></strong></span> <span class='ocrx_word' id='word_1_181' title='bbox 615 2632 750 2717; x_wconf 90' lang='grc' dir='ltr'><strong><em>πρῶτον</em></strong></span> <span class='ocrx_word' id='word_1_182' title='bbox 779 2625 1018 2714; x_wconf 81' lang='grc' dir='ltr'><strong><em>ἀπαντήσαντα</em></strong></span> <span class='ocrx_word' id='word_1_183' title='bbox 1041 2629 1078 2695; x_wconf 86' lang='grc' dir='ltr'><strong><em>ἐν</em></strong></span> 
     </span>
    </p>
   </div>
   <div class='ocr_carea' id='block_1_3' title="bbox 1094 783 1115 847">
    <p class='ocr_par' dir='ltr' id='par_1_10' title="bbox 1094 783 1115 847">
     <span class='ocr_line' id='line_1_24' title="bbox 1094 783 1115 847; baseline 0 0"><span class='ocrx_word' id='word_1_184' title='bbox 1094 783 1115 847; x_wconf 89' lang='grc'><strong>6</strong></span> 
     </span>
    </p>
   </div>
   <div class='ocr_carea' id='block_1_4' title="bbox 60 2732 1117 3143">
    <p class='ocr_par' dir='ltr' id='par_1_11' title="bbox 61 2732 1078 2824">
     <span class='ocr_line' id='line_1_25' title="bbox 61 2732 1078 2824; baseline -0.009 -15"><span class='ocrx_word' id='word_1_185' title='bbox 61 2739 134 2816; x_wconf 82' lang='grc' dir='ltr'><strong><em>ταῖς</em></strong></span> <span class='ocrx_word' id='word_1_186' title='bbox 160 2734 280 2815; x_wconf 85' lang='grc' dir='ltr'><strong><em>πύλαις</em></strong></span> <span class='ocrx_word' id='word_1_187' title='bbox 306 2735 367 2804; x_wconf 86' lang='grc' dir='ltr'><strong><em>τὸν</em></strong></span> <span class='ocrx_word' id='word_1_188' title='bbox 400 2734 505 2805; x_wconf 87' lang='grc' dir='ltr'><strong><em>αῦτὸν</em></strong></span> <span class='ocrx_word' id='word_1_189' title='bbox 535 2734 663 2824; x_wconf 90' lang='grc' dir='ltr'><strong><em>τρόπον</em></strong></span> <span class='ocrx_word' id='word_1_190' title='bbox 694 2732 1003 2823; x_wconf 82' lang='grc' dir='ltr'><strong><em>ἐπιμαρτυρόμενος</em></strong></span> <span class='ocrx_word' id='word_1_191' title='bbox 1030 2737 1078 2812; x_wconf 89' lang='grc' dir='ltr'><strong><em>εἰς</em></strong></span> 
     </span>
    </p>

    <p class='ocr_par' dir='ltr' id='par_1_12' title="bbox 60 2835 1117 3143">
     <span class='ocr_line' id='line_1_26' title="bbox 60 2835 1109 2931; baseline -0.006 -19"><span class='ocrx_word' id='word_1_192' title='bbox 60 2840 124 2930; x_wconf 78' lang='grc' dir='ltr'><strong><em>τὴν</em></strong></span> <span class='ocrx_word' id='word_1_193' title='bbox 152 2840 280 2929; x_wconf 81' lang='grc' dir='ltr'><strong><em>ἀγορὰν</em></strong></span> <span class='ocrx_word' id='word_1_194' title='bbox 307 2841 440 2931; x_wconf 79' lang='grc' dir='ltr'><strong><em>προῄει·</em></strong></span> <span class='ocrx_word' id='word_1_195' title='bbox 473 2845 543 2911; x_wconf 88' lang='grc' dir='ltr'><strong><em>ἐκεῖ</em></strong></span> <span class='ocrx_word' id='word_1_196' title='bbox 568 2842 606 2910; x_wconf 73' lang='grc' dir='ltr'><strong><em>δὲ</em></strong></span> <span class='ocrx_word' id='word_1_197' title='bbox 634 2839 800 2921; x_wconf 79' lang='grc' dir='ltr'><strong><em>καταστὰς</em></strong></span> <span class='ocrx_word' id='word_1_198' title='bbox 827 2854 897 2921; x_wconf 86' lang='grc' dir='ltr'><strong><em>τοῖς</em></strong></span> <span class='ocrx_word' id='word_1_199' title='bbox 924 2842 962 2908; x_wconf 86' lang='grc' dir='ltr'><strong><em>ἐν</em></strong></span> <span class='ocrx_word' id='word_1_200' title='bbox 990 2835 1078 2909; x_wconf 76' lang='grc' dir='ltr'><strong><em>τέλει</em></strong></span> <span class='ocrx_word' id='word_1_201' title='bbox 1106 2850 1109 2854; x_wconf 90' lang='grc'><strong>’</strong></span> 
     </span>
     <span class='ocr_line' id='line_1_27' title="bbox 60 2940 1117 3037; baseline -0.007 -19"><span class='ocrx_word' id='word_1_202' title='bbox 60 2949 138 3035; x_wconf 74' lang='grc' dir='ltr'><strong><em>περὶ</em></strong></span> <span class='ocrx_word' id='word_1_203' title='bbox 161 2940 210 3017; x_wconf 88' lang='grc' dir='ltr'><strong><em>ῶν</em></strong></span> <span class='ocrx_word' id='word_1_204' title='bbox 232 2945 308 3034; x_wconf 76' lang='grc' dir='ltr'><strong><em>η’κοι</em></strong></span> <span class='ocrx_word' id='word_1_205' title='bbox 336 2949 501 3035; x_wconf 82' lang='grc' dir='ltr'><strong><em>διελέγετο</em></strong></span> <span class='ocrx_word' id='word_1_206' title='bbox 528 2952 678 3037; x_wconf 77' lang='grc' dir='ltr'><strong><em>πανταχῇ</em></strong></span> <span class='ocrx_word' id='word_1_207' title='bbox 708 2947 789 3028; x_wconf 93' lang='grc' dir='ltr'><strong><em>τούς</em></strong></span> <span class='ocrx_word' id='word_1_208' title='bbox 816 2973 853 3018; x_wconf 89' lang='grc' dir='ltr'><strong><em>τε</em></strong></span> <span class='ocrx_word' id='word_1_209' title='bbox 876 2945 998 3036; x_wconf 85' lang='grc' dir='ltr'><strong><em>ὅρκους</em></strong></span> <span class='ocrx_word' id='word_1_210' title='bbox 1020 2947 1077 3014; x_wconf 85' lang='grc' dir='ltr'><strong><em>καί</em></strong></span> <span class='ocrx_word' id='word_1_211' title='bbox 1090 2967 1117 3010; x_wconf 77' lang='grc' dir='ltr'><strong><em>ιι</em></strong></span> 
     </span>
     <span class='ocr_line' id='line_1_28' title="bbox 60 3043 1111 3143; baseline -0.002 -20"><span class='ocrx_word' id='word_1_212' title='bbox 60 3053 121 3135; x_wconf 88' lang='grc' dir='ltr'><strong><em>τάς</em></strong></span> <span class='ocrx_word' id='word_1_213' title='bbox 143 3052 226 3142; x_wconf 88' lang='grc' dir='ltr'><strong><em>ἀράς</em></strong></span> <span class='ocrx_word' id='word_1_214' title='bbox 248 3043 451 3143; x_wconf 80' lang='grc' dir='ltr'><strong><em>προστιθείς.</em></strong></span> <span class='ocrx_word' id='word_1_215' title='bbox 496 3059 528 3122; x_wconf 91' lang='grc' dir='ltr'><strong><em>εί</em></strong></span> <span class='ocrx_word' id='word_1_216' title='bbox 549 3055 610 3142; x_wconf 72' lang='grc' dir='ltr'><strong><em>μὲν</em></strong></span> <span class='ocrx_word' id='word_1_217' title='bbox 634 3045 696 3124; x_wconf 87' lang='grc' dir='ltr'><strong><em>οῦν</em></strong></span> <span class='ocrx_word' id='word_1_218' title='bbox 720 3052 875 3142; x_wconf 80' lang='grc' dir='ltr'><strong><em>ῦπέχοιευ</em></strong></span> <span class='ocrx_word' id='word_1_219' title='bbox 897 3051 958 3133; x_wconf 87' lang='grc' dir='ltr'><strong><em>τάς</em></strong></span> <span class='ocrx_word' id='word_1_220' title='bbox 981 3048 1111 3132; x_wconf 86' lang='grc' dir='ltr'><strong><em>δίκας8</em></strong></span> 
     </span>
    </p>
   </div>
   <div class='ocr_carea' id='block_1_5' title="bbox 135 3199 1075 3371">
    <p class='ocr_par' dir='ltr' id='par_1_13' title="bbox 135 3199 1075 3371">
     <span class='ocr_line' id='line_1_29' title="bbox 135 3199 1075 3371; baseline -0.003 -103"><span class='ocrx_word' id='word_1_221' title='bbox 135 3221 264 3291; x_wconf 79' lang='grc' dir='ltr'><strong><em>1πεπρμ</em></strong></span> <span class='ocrx_word' id='word_1_222' title='bbox 229 3209 337 3371; x_wconf 56' lang='grc' dir='ltr'><strong><em>ρρίρδαι</em></strong></span> <span class='ocrx_word' id='word_1_223' title='bbox 355 3213 452 3268; x_wconf 73' lang='lat' dir='ltr'><strong><em>Assa</em></strong></span> <span class='ocrx_word' id='word_1_224' title='bbox 509 3207 634 3269; x_wconf 81' lang='grc' dir='ltr'><strong><em>θότεΒ</em></strong></span> <span class='ocrx_word' id='word_1_225' title='bbox 657 3208 728 3270; x_wconf 85' lang='grc' dir='ltr'><strong><em>όταν</em></strong></span> <span class='ocrx_word' id='word_1_226' title='bbox 746 3215 773 3269; x_wconf 84' lang='lat' dir='ltr'><strong>R</strong></span> <span class='ocrx_word' id='word_1_227' title='bbox 852 3199 1075 3300; x_wconf 85' lang='grc' dir='ltr'><strong><em>9γενόμεναΒ</em></strong></span> 
     </span>
    </p>
   </div>
   <div class='ocr_carea' id='block_1_6' title="bbox 60 3280 1075 3569">
    <p class='ocr_par' dir='ltr' id='par_1_14' title="bbox 60 3280 1075 3569">
     <span class='ocr_line' id='line_1_30' title="bbox 62 3280 1075 3366; baseline -0.005 -25"><span class='ocrx_word' id='word_1_228' title='bbox 62 3292 97 3341; x_wconf 91' lang='grc'><strong><em>10</em></strong></span> <span class='ocrx_word' id='word_1_229' title='bbox 115 3305 188 3355; x_wconf 91' lang='grc' dir='ltr'><strong><em>προ</em></strong></span> <span class='ocrx_word' id='word_1_230' title='bbox 138 3305 241 3356; x_wconf 83' lang='grc' dir='ltr'><strong><em>ρχει</em></strong></span> <span class='ocrx_word' id='word_1_231' title='bbox 314 3285 452 3339; x_wconf 90' lang='grc' dir='ltr'><strong><em>σαιυτοΒ</em></strong></span> <span class='ocrx_word' id='word_1_232' title='bbox 530 3290 563 3340; x_wconf 93' lang='grc'><strong><em>11</em></strong></span> <span class='ocrx_word' id='word_1_233' title='bbox 583 3283 668 3340; x_wconf 87' lang='grc' dir='ltr'><strong><em>διαδ’</em></strong></span> <span class='ocrx_word' id='word_1_234' title='bbox 651 3290 724 3356; x_wconf 85' lang='grc' dir='ltr'><strong><em>ηλας</em></strong></span> <span class='ocrx_word' id='word_1_235' title='bbox 741 3284 789 3339; x_wconf 76' lang='lat' dir='ltr'><strong><em>Ba</em></strong></span> <span class='ocrx_word' id='word_1_236' title='bbox 867 3290 901 3339; x_wconf 87' lang='lat'><strong><em>14</em></strong></span> <span class='ocrx_word' id='word_1_237' title='bbox 919 3280 1075 3366; x_wconf 85' lang='grc' dir='ltr'><strong><em>μαρτυρού-</em></strong></span> 
     </span>
     <span class='ocr_line' id='line_1_31' title="bbox 61 3350 1072 3483; baseline -0.006 -71"><span class='ocrx_word' id='word_1_238' title='bbox 61 3377 147 3446; x_wconf 88' lang='grc' dir='ltr'><strong><em>μενος</em></strong></span> <span class='ocrx_word' id='word_1_239' title='bbox 160 3356 183 3409; x_wconf 93' lang='grc' dir='ltr'>Β</span> <span class='ocrx_word' id='word_1_240' title='bbox 203 3353 414 3483; x_wconf 82' lang='grc' dir='ltr'><strong><em>μαρτυρόμενος</em></strong></span> <span class='ocrx_word' id='word_1_241' title='bbox 428 3357 483 3410; x_wconf 82' lang='lat' dir='ltr'>del.</span> <span class='ocrx_word' id='word_1_242' title='bbox 495 3357 596 3412; x_wconf 66' lang='grc' dir='ltr'><strong><em>(δεεσσε</em></strong></span> <span class='ocrx_word' id='word_1_243' title='bbox 607 3357 671 3412; x_wconf 76' lang='lat' dir='ltr'><strong>obs.</strong></span> <span class='ocrx_word' id='word_1_244' title='bbox 681 3375 709 3426; x_wconf 89' lang='lat' dir='ltr'><strong><em>p.</em></strong></span> <span class='ocrx_word' id='word_1_245' title='bbox 720 3359 775 3425; x_wconf 73' lang='lat'><strong><em>651</em></strong></span> <span class='ocrx_word' id='word_1_246' title='bbox 792 3357 875 3416; x_wconf 87' lang='grc' dir='ltr'><strong><em>δίκας</em></strong></span> <span class='ocrx_word' id='word_1_247' title='bbox 889 3350 1018 3427; x_wconf 86' lang='grc' dir='ltr'><strong><em>&lt;αἰ&gt;τῶν</em></strong></span> <span class='ocrx_word' id='word_1_248' title='bbox 1032 3354 1055 3406; x_wconf 94' lang='grc' dir='ltr'>Β</span> <span class='ocrx_word' id='word_1_249' title='bbox 1068 3353 1072 3425; x_wconf 72' lang='grc' dir='ltr'>Ι</span> 
     </span>
     <span class='ocr_line' id='line_1_32' title="bbox 60 3359 1075 3569; baseline -0.005 -86"><span class='ocrx_word' id='word_1_250' title='bbox 60 3425 623 3569; x_wconf 40' lang='lat'><strong><em>3306626606662613331811166666&amp;</em></strong></span> <span class='ocrx_word' id='word_1_251' title='bbox 643 3427 758 3484; x_wconf 69' lang='grc' dir='ltr'><strong><em>Βεὶεὶιὶο</em></strong></span> <span class='ocrx_word' id='word_1_252' title='bbox 771 3359 906 3492; x_wconf 71' lang='grc' dir='ltr'><strong><em>Ιςεαοῖοιο</em></strong></span> <span class='ocrx_word' id='word_1_253' title='bbox 926 3425 961 3479; x_wconf 84' lang='grc' dir='ltr'><strong><em>οῖ.</em></strong></span> <span class='ocrx_word' id='word_1_254' title='bbox 979 3422 1075 3494; x_wconf 77' lang='lat' dir='ltr'>Tegge</span> 
     </span>
    </p>
   </div>
   <div class='ocr_carea' id='block_1_7' title="bbox 861 3583 915 3641">
    <p class='ocr_par' dir='ltr' id='par_1_15' title="bbox 861 3583 915 3641">
     <span class='ocr_line' id='line_1_33' title="bbox 861 3583 915 3641; baseline 0.019 -1"><span class='ocrx_word' id='word_1_255' title='bbox 861 3583 915 3641; x_wconf 72' lang='lat'><strong><em>17*</em></strong></span> 
     </span>
    </p>
   </div>
   <div class='ocr_carea' id='block_1_8' title="bbox 0 0 1232 3916">
    <p class='ocr_par' dir='ltr' id='par_1_16' title="bbox 0 0 1232 3916">
     <span class='ocr_line' id='line_1_34' title="bbox 0 0 1232 3916; baseline 0 1"><span class='ocrx_word' id='word_1_256' title='bbox 0 0 1232 3916; x_wconf 95' lang='lat' dir='ltr'><strong><em> </em></strong></span> 
     </span>
    </p>
   </div>
  </div>
 </body>
</html>
