2454 3916
487 229 648 282 ..Β-

58 390 194 454 πολλων
210 388 315 469 ξένων
330 392 377 468 είς
395 386 457 475 την
473 388 592 477 ἑορτὴν
607 390 761 474 γυναιξὶν
777 387 845 478 ἅμα
862 391 918 458 καὶ
932 391 1071 476 τέκνοις,

59 491 171 580 ἐπειδὴ
203 493 263 574 τάς
294 520 328 562 τε
360 500 485 576 θυσίας
518 498 684 565 ἐπετέλεσε
718 500 763 587 τῷ
793 499 987 564 Ποσειδῶνι
1016 498 1071 565 καὶ

58 599 137 680 τοὺς
160 598 309 686 άγῶνας,
332 603 371 690 τῇ
394 606 566 692 τελευταίᾳ
589 607 656 671 τῶν
679 600 829 690 ἡμερῶν,
851 593 872 691 ᾖ
898 602 1071 670 διαλύσειν

61 713 175 794 ἔμελλε
194 705 256 795 τὴν
279 706 482 796 πανήγυριν,
500 708 716 798 παράγγελμα
738 712 858 777 δίδωσι
879 724 950 789 τοῖς
970 709 1071 795 νέοις,

59 812 147 901 ἡνίκ’
173 809 217 882 άν
241 812 342 894 αὐτὸς
364 813 429 903 άρη
452 814 489 883 τὸ
515 828 653 902 σημείου
677 813 834 905 ἁρπάζειν
864 814 923 895 τὰς
945 814 1071 903 παρού-
1097 843 1110 884 ι

57 938 118 1000 σας
140 921 194 988 ἐπὶ
216 919 279 1007 τὴν
297 922 384 988 θέαν
403 922 608 1008 παρθένους,
631 915 684 1001 αἷς
707 916 750 990 άν
774 922 973 1011 ἐπιτύχωσιν
998 923 1070 990 έκα-

58 1046 146 1113 στοι,
169 1027 226 1095 καὶ
249 1027 431 1114 φυλάττειν
455 1025 560 1114 ἁγνάς
582 1030 714 1115 ἐκείνην
736 1027 799 1117 τὴν
829 1029 948 1115 νύκτα,
971 1033 1011 1118 τῇ
1036 1026 1067 1096 δ’

59 1135 131 1222 ἑξῆς
154 1131 262 1223 ἡμέρᾳ
285 1133 370 1224 πρὸς
394 1132 515 1202 ἑαυτὸν
539 1133 644 1220 ἄγειν.
691 1139 726 1204 oc
746 1136 808 1223 μὲν
837 1134 878 1223 δὴ
902 1137 974 1205 νέοι
999 1139 1069 1204 δια-
1089 1135 1110 1202 5

59 1239 199 1321 στάντες,
222 1239 304 1309 κατά
332 1238 541 1370 συστρρφάς,
568 1239 682 1329 ἐπειδὴ
709 1240 747 1311 τδ
778 1242 938 1330 σύνθημα
961 1240 1070 1330 άρθέν

58 1344 152 1416 είδον
183 1349 361 1434 τρέπονται
392 1346 476 1435 πρὸς
507 1345 569 1434 τὴν
597 1352 665 1416 τῶν
692 1346 919 1437 παρθένων*
903 1348 1069 1436 αρπαγήν,
1084 1377 1110 1418 ιο

20 1450 183 1541 ταραχὴ
208 1453 245 1522 δέ
266 1458 335 1522 τῶν
359 1455 465 1535 ξένων
489 1452 595 1534 εὐθύς
613 1456 743 1541 ἐγένετο
762 1455 817 1523 καὶ
841 1453 933 1541 φυγὴ
956 1453 1069 1541 μεῖζόν

12 1572 92 1628 οοιτι
115 1559 220 1628 κακὸν
243 1557 485 1649 ὑφορωμένων.
525 1565 565 1650 τῇ
595 1560 626 1628 δ’
653 1562 727 1648 ἑξῆς
753 1559 860 1652 ἡμέρα
889 1570 1069 1648 προαχθει-

58 1685 127 1734 σων
159 1693 228 1735 των
261 1669 459 1756 παρθένων,
497 1667 828 1757 παραμυθησάμενος
863 1665 974 1736 αὐτῶν
1007 1666 1068 1755 τὴν

57 1771 251 1865 άθυμίανδ
270 1771 507 1862 ΗΡωμύλος,
485 1802 529 1854 ως
553 1772 615 1843 ούκ
639 1773 691 1861 ἐφ’
718 1771 814 1862 ύβρει
837 1778 896 1862 τῆς
918 1771 1069 1863 ἁρπαγῆς

56 1877 129 1947 ἀλλ’
156 1881 208 1947 ἐπὶ
231 1879 325 1971 γάμω
349 1882 543 1969 γενομένης,
561 1879 760 1970 Ἑλληνικύν
786 1908 822 1950 τε
848 1882 903 1949 καὶ
927 1879 1068 1971 άρχαϊον
1083 1907 1108 1948 ιι

56 1985 258 2075 άποφαίνων
281 1985 318 2055 τδ
344 1992 424 2068 ἐθος
445 1989 501 2056 καὶ
523 1988 659 2078 τρόπων
683 1987 887 2077 συμπάντων
910 1986 988 2056 καθ’
1010 1985 1070 2068 οὓς

55 2094 283 2164 συνάπτονται
301 2093 403 2181 γάμοι
422 2108 494 2174 ταῖς
512 2095 667 2181 γυναιξίν
682 2096 958 2181 ἐπιφανέστατον,
972 2091 1069 2180 ἠξίου

56 2204 207 2288 στέργειν
231 2197 309 2280 τοὺς
324 2201 491 2280 δοθέντας
509 2199 625 2281 αύταϊς
644 2199 773 2290 ἄνδρας
789 2197 855 2269 ύπδ
878 2204 937 2287 τῆς
954 2199 1067 2287 τύχης·

54 2309 109 2376 καλ
134 2306 214 2396 μετά
242 2311 340 2377 τοῦτο
371 2307 599 2396 διαριθμήσας
625 2306 683 2388 τὰς
709 2307 811 2396 κόρας
839 2307 1010 2388 ἑξακοσίας
1032 2301 1107 2374 τε6

54 2416 109 2483 καὶ
134 2413 343 2501 ὀγδοήκοντα
364 2416 420 2482 καί
443 2428 531 2503 τρεῖς
554 2411 750 2502 εὑρεθείσας
771 2414 942 2495 κατέλεξεν
966 2403 1068 2493 αὖθις
1082 2432 1108 2472 20

56 2525 90 2590 ἐκ
113 2526 182 2590 τῶν
206 2520 345 2609 άγάμωυ
365 2519 494 2609 άνδρας
517 2525 731 2609 ίσαρίθμονς,
755 2514 806 2599 οἷς
824 2516 926 2598 αύτάς
944 2518 1067 2606 συνήρ-

56 2655 153 2716 μοττε
189 2626 271 2696 κατὰ
307 2625 386 2708 τούς
425 2631 586 2714 πατρίους
627 2625 765 2713 ἑκάστης
801 2624 977 2713 ἐθισμούς,
1015 2626 1068 2694 ἐπὶ

55 2739 218 2824 κοινωνίᾳ
241 2731 346 2820 πυρὸς
368 2735 424 2801 καλ
446 2731 571 2814 ὕδατος
601 2735 731 2819 ἐγγυῶν
754 2730 833 2812 τούς
855 2730 998 2819 γάμους,
1024 2729 1068 2811 ὡς

55 2843 108 2909 καί
133 2843 229 2929 μέχρι
252 2844 320 2908 τῶν
343 2837 423 2907 καθ’
450 2837 537 2928 ἡμᾶς
560 2843 789 2908 ἐπιτελοῦνται
812 2837 955 2926 χρόνων.

84 2955 112 2988 >
143 2949 262 3014 XXXI.
304 2950 414 3014 Ταῦτα
443 2946 480 3013 δέ
504 2947 663 3032 γενέσθαι
690 2944 779 3024 τινές
806 2944 867 3032 μὲν
895 2944 1066 3032 γράφουσι
1081 2964 1107 3006 2⁵

54 3051 136 3121 κατὰ
154 3052 214 3121 τὸν
233 3056 367 3142 πρῶτον
382 3050 540 3120 ἐνιαυτὸν
558 3055 616 3139 τῆς
625 3050 798 3138 Ῥωμύλου
814 3048 928 3138 άρχῆς,
943 3056 1066 3131 Γναίος

125 3274 141 3322 2
163 3265 307 3322 ἐπετέλεσε
327 3267 350 3321 Β
369 3261 478 3321 ἐτέλεσε
496 3267 522 3320 R
603 3271 618 3320 5
638 3267 673 3320 υί
669 3285 703 3335 ρη
720 3265 791 3319 ABa
867 3272 883 3319 6
902 3262 1066 3332 παρθένους

57 3332 150 3392 ἐπι
120 3359 173 3407 την
191 3337 309 3393 θέανΒ
382 3333 559 3393 8ἐοιυτδνΒ
578 3286 710 3391 αύτὸνρΙλ
784 3343 815 3389 11
837 3331 950 3404 ἐγένετο
969 3335 991 3387 Β
1010 3331 1065 3419 ἐγί-

55 3428 119 3464 νετο
136 3411 162 3464 R
236 3415 270 3464 14
289 3403 327 3471 ὥς
350 3427 404 3464 om.
423 3409 449 3460 A
527 3414 560 3462 15
583 3404 663 3480 γάμῳ
688 3403 869 3512 γυναικδςΒ
953 3409 985 3458 16
1004 3399 1066 3471 τρό-
