2454 3916
150 211 214 277 170
570 215 733 269 —B—

146 399 261 452 τοντες
283 371 448 460 ἀλλήλους
469 375 525 441 καλ
553 373 708 460 φυγάδας
730 372 929 454 ἐλαύνοντες
956 375 993 442 ἐκ
1020 377 1079 460 τῆς
1102 372 1162 442 πό-

147 487 230 559 λεως
252 481 308 548 καλ
332 478 472 561 οὐδενὸς
494 486 562 550 τῶν
580 478 774 567 ἀνηκέστων
792 478 996 568 ἀπεχόμενοι
1013 477 1106 567 παρὰ
1124 479 1162 549 τδ

147 590 257 654 νικᾶν.
293 584 377 655 άλλδι
399 589 475 673 περὶ
494 587 555 674 μὲν
573 585 702 656 τούτων
722 589 833 675 ἕτερος
847 592 938 655 ἐσται
958 601 1030 666 τοῖς
1047 586 1164 674 λόγοις

147 690 263 780 καιρὸς
285 693 556 782 ἐπιτηδειότερος.

108 825 121 867 ο
182 814 209 848 ³³
236 802 310 867 XII.
341 797 378 866 Ὁ
410 799 447 867 δέ
474 797 643 886 Ῥωμύλος
674 796 787 886 ἐπειδὴ
825 802 929 867 ταῦτα
961 797 1164 887 διεκόσμησε

147 904 331 991 βουλευτάς
354 905 459 986 εὐθὺς
478 905 867 993 έμνωκαταστήσασδαι,
891 903 969 996 μεθ’
987 897 1038 974 ὧν
1060 907 1164 992 πράτ-

147 1027 217 1082 τεῖν
250 1012 292 1082 τὰ
323 1012 421 1083 κοινὰ
455 1019 607 1100 ἔμελλεν,
645 1015 680 1080 ἐκ
711 1016 780 1080 τῶν
811 1019 995 1100 πατρικίων
1033 1010 1165 1101 ἄνδρας

148 1117 267 1187 ἑκατὸν
291 1119 531 1208 ἐπιλεξάμενος.
577 1121 720 1188 ἐποιεῖτο
743 1118 782 1187 δὲ
804 1116 917 1188 αὐτῶν
938 1120 1078 1187 τοιάνδε
1101 1119 1163 1208 τὴν

149 1228 329 1314 διαίρεσιν·
366 1225 466 1306 αὐτὸς
498 1226 559 1314 μὲν
588 1227 621 1307 ἐξ
652 1223 811 1294 ἁπάντων
844 1227 905 1294 ἕνα
931 1224 993 1295 τόν
1020 1223 1164 1313 άριστον

109 1357 135 1398 ιο
148 1329 336 1420 ἀπέδειξεν,
363 1325 390 1426 ᾧ
421 1331 480 1413 τὰς
510 1331 593 1401 κατδι
620 1332 721 1401 πόλιν
753 1331 835 1424 ᾤετο
869 1336 942 1401 δεῖν
974 1333 1163 1421 ἐπιτρέπειν

148 1444 356 1528 οίκονομίας,
390 1438 445 1510 ότε
481 1437 582 1519 αὐτὸς
618 1438 730 1525 ἐξάγοι
766 1437 926 1527 στρατιὰν
962 1436 1162 1529 ὑπερόριον·

108 1546 215 1615 mv
240 1546 277 1615 δέ
296 1552 415 1636 φυλῶν
435 1546 554 1635 ἑκάστη
573 1547 752 1634 προσέταξε
770 1560 859 1633 τρεῖς
876 1544 1006 1631 άνδρας
1024 1547 1164 1617 ἑλέσθαι

146 1652 226 1734 τοὺς
253 1657 290 1723 έν
319 1659 359 1744 τῇ
388 1652 625 1742 φρονιμωτάτῃ
653 1651 728 1720 τότε
762 1650 862 1732 ὄντας
889 1650 1001 1743 ἡλικίᾳ
1029 1655 1086 1721 καλ
1116 1652 1160 1722 δι’

148 1758 321 1845 εὐγένειαν
343 1763 535 1847 ἐπιφανεῖς.
591 1756 671 1846 μετὰ
704 1758 742 1826 δέ
778 1757 857 1839 τοὺς
890 1760 989 1828 ἐννέα
1020 1760 1163 1840 τούτους

107 1890 134 1932 τι
148 1865 291 1953 ἑκάστην
315 1866 468 1955 φράτραν
486 1866 589 1934 πάλιν
611 1867 764 1934 ἐκέλευσε
785 1879 876 1952 τρεῖς
897 1867 933 1934 ἐκ
954 1870 1024 1934 τῶν
1046 1890 1163 1956 πατρι-

147 1976 233 2041 κίων
247 1971 419 2055 άποδεῑξαι
437 1970 516 2053 τοὺς
535 1970 836 2059 ἐπιτηδειοτάτους·
856 1976 966 2040 ἔπειτα
983 1987 1055 2052 τοῖς
1069 1972 1210 2062 πρά-161

147 2107 219 2160 τοις
250 2082 350 2149 ἐννέα
381 2093 452 2160 τοῖς
482 2077 548 2149 ὑπὸ
581 2083 650 2148 τῶν
679 2082 798 2166 φυλῶν
828 2076 1061 2166 ἀποδειχθεῖσι
1085 2080 1164 2160 τοὺς

149 2187 352 2274 ἐνενήκοντα
374 2191 547 2273 προσθείς,
567 2181 627 2266 οὓς
651 2189 688 2253 αί
708 2189 855 2273 φρᾶτραι
876 2190 1165 2272 προεχειρίσαντο,

147 2295 205 2362 καὶ
231 2293 376 2381 τούτων,
408 2290 448 2362 δν
477 2291 577 2372 αὐτὸς
604 2294 820 2381 προέκρινεν,
847 2288 998 2378 ἡγεμόνα
1019 2291 1164 2381 ποιήσας

109 2400 209 2469 νοτδν
254 2405 323 2469 τῶν
369 2397 487 2468 ἑκατὸν
528 2398 734 2487 ἐξεπλήρωσε
770 2387 965 2484 βουλευτῶν
1001 2395 1164 2487 ἀριθμόν.

113 2505 248 2578 3τοῦτο
271 2505 309 2576 τδ
333 2509 516 2593 συνέδριον
534 2504 723 2593 Ἑλληνιστὶ
751 2504 1023 2592 ἑρμηνευόμενον
1045 2531 1165 2593 γερου-

150 2621 227 2683 σίαν
259 2613 401 2682 δύναται
434 2616 562 2699 δηλοῦν
594 2613 650 2680 καὶ
680 2613 776 2699 μέχρι
805 2615 866 2679 τοῦ
897 2611 1066 2700 παρόντος
1098 2611 1164 2682 ὑπὸ

144 2719 318 2808 Ῥωμαίων
343 2717 449 2799 οὕτως
471 2727 626 2788 καλεῖται.
666 2717 809 2806 πότερον
834 2717 872 2785 δέ
891 2715 948 2785 διά
971 2722 1078 2807 γῆρας
1096 2724 1165 2788 τῶν

221 2923 238 2972 8
257 2909 371 2970 τοιάνδε
390 2908 455 2969 τινά
474 2910 526 2982 τὴν
546 2932 568 2970 ο.
587 2914 689 2970 Reiske
768 2920 784 2968 9
804 2913 912 2983 αἵρεσιν
936 2930 960 2968 ο.
985 2914 1075 2969 Cobet
1099 2914 1164 2972 obs.

150 3006 178 3058 p.
198 2993 231 3042 42
306 2990 340 3039 10
358 2981 431 3040 κατά
450 2980 503 3054 τὴν
522 2982 605 3040 πόλιν
623 3003 646 3041 ο.
666 2985 821 3041 Ambrosoh
895 2991 928 3038 13
946 3004 976 3039 τε
996 2980 1085 3050 ὄντας
1104 2985 1166 3041 Sin-

149 3057 223 3114 tenis
241 3057 303 3112 Em.
322 3056 402 3112 Dion.
422 3058 435 3111 I
457 3076 484 3128 p.
504 3062 520 3110 9
599 3062 633 3111 15
652 3051 778 3128 *ἑκάστη
803 3053 958 3130 φράτρᾳΟ
1037 3062 1071 3112 16
1094 3053 1165 3112 άπο·

151 3131 244 3196 δεῖξαι
266 3128 411 3200 Kiessling
443 3123 569 3193 ἐπιλέξαι
594 3127 616 3182 O
651 3122 837 3193 ἐπιλέξασθαι
859 3127 968 3198 Kayser
994 3130 1067 3185 Ann.
1094 3129 1165 3200 phil.

152 3208 220 3258 1863
239 3207 304 3271 p.4
385 3207 417 3255 1‘1
437 3193 750 3267 τοῖς-άπαδειχθεῖσι
778 3199 833 3254 del.
858 3199 961 3253 Garrer
988 3199 1054 3254 obs.
1078 3219 1106 3271 p.
1132 3207 1166 3256 36

188 3280 221 3329 18
240 3274 490 3342 προνχειρίσαντολ
550 3276 583 3324 19
602 3265 790 3339 προόκρινενλ
855 3276 888 3324 21
909 3269 1059 3339 συνέδριον
1078 3266 1167 3358 <bud-

150 3349 193 3400 λει
212 3344 331 3401 οενάτον
350 3336 387 3415 δ)
406 3359 429 3396 ο.
448 3340 551 3396 Reiske
570 3340 718 3408 συνέδριον
736 3335 831 3412 (κατὰ
857 3336 910 3429 την
934 3339 988 3412 μὲν
1013 3337 1166 3413 ἐπιχωριον

152 3412 301 3472 διάλεκτον
327 3419 456 3469 καλεῖται
483 3409 619 3479 Σενάτος,
646 3412 730 3466 τοῦτο
758 3410 791 3467 δὲ
815 3408 847 3467 τὸ
876 3412 989 3486 ονομα)
1009 3407 1167 3484 Ἑλληνιστὶ

152 3504 175 3542 ο.
195 3487 283 3544 Cobet
302 3486 368 3542 obs.
387 3503 414 3555 p.
434 3490 469 3538 42
543 3490 577 3538 23
597 3477 686 3545 οὕτως
704 3477 761 3538 δπδ
779 3478 922 3555 Ῥωμαίων
941 3484 967 3538 Α
1041 3553 1044 3559 Ι
