2454 3916
536 210 703 262 ..Γ-

114 374 218 448 έθνος
253 372 302 447 είς
337 365 398 454 τὴν
436 369 473 435 ἐν
508 371 698 457 Φερεντίνῳ
735 366 962 449 συνελθόντες
997 367 1130 458 ἀγορὰν

112 478 321 563 ἐψηφίσαντο
340 473 403 561 τήν
427 500 462 542 τε
481 478 609 541 οίκείαν
629 471 776 560 δύναμιν
799 475 832 555 ἐξ
851 471 982 561 ἀπάσης
998 475 1131 558 πόλεως

18 606 22 614 ·
113 581 243 668 ἐξάγειν
266 582 322 650 καὶ
345 585 414 650 τῶν
431 578 674 668 πλησιοχώρων
697 582 812 649 ἐθνῶν
830 578 870 648 τὰ
887 580 1049 669 κράτιστα
1068 609 1131 651 πα-

112 697 281 777 ρακαλεῖν,
304 688 360 756 καὶ
384 685 661 775 διεπρεσβεύοντο
684 684 767 774 πρὸς
794 687 992 777 Τυρρηνούς
1013 715 1050 758 τε
1072 691 1130 758 καὶ

74 764 285 892 ξΣαβίνους
312 793 506 882 αἰτούμενοι
538 799 739 880 συμμαχίαν.
789 800 936 880 Σαβῖνοι
967 794 1031 882 μὲν
1065 789 1130 865 οὖν

110 901 294 990 ὑπέσχοντο
319 899 448 987 αὐτοῖς,
471 900 607 969 ἐπειδὰν
635 901 785 980 ἐκείνους
811 901 1058 989 ἐμβεβληκότας
1080 909 1130 984 είς

110 1007 173 1096 τὴν
191 1007 365 1096 Ῥωμαίων
387 1010 453 1095 γῆν
473 1005 676 1092 ἀκούσωσιν,
698 1004 927 1094 ἀναλαβόντες
943 1009 1001 1076 καλ
1024 1007 1173 1079 αύτοὶδῖί

112 1113 152 1182 τά
189 1112 274 1182 όπλα
311 1112 373 1200 τὴν
410 1119 554 1200 πλησίον
595 1112 708 1182 αὐτῶν
744 1112 857 1203 χῶραν
893 1115 1129 1203 λεηλατήσειν·

116 1222 285 1310 Τυρρηνοὶ
314 1219 351 1288 δέ
379 1226 570 1308 συμμαχίαν
599 1219 795 1290 ἀποστελεῖν
825 1217 1065 1309 ὡμολόγησαν,
1088 1216 1130 1311 ἧς

73 1347 100 1388 1⁰
113 1323 157 1395 ἀν
180 1326 277 1396 αὐτοὶ
301 1331 484 1414 δεηθῶσιν,
508 1325 569 1415 οὐχ
590 1326 734 1408 ἅπαντες
753 1328 806 1396 ἐπὶ
828 1331 887 1416 τῆς
906 1326 1010 1415 αὐτῆς
1032 1330 1128 1415 γενό-

111 1461 208 1522 μενοι
231 1433 378 1521 γνώμης,
400 1432 485 1502 ἀλλὰ
508 1437 606 1502 πέντε
623 1433 737 1514 πόλεις
759 1433 861 1522 μόναι
880 1436 1076 1504 Κλουσῖνοί
1092 1463 1129 1505 τε

110 1542 167 1609 καὶ
186 1539 375 1629 Ἀρρητῖνοι
402 1540 458 1608 καὶ
483 1538 754 1629 Οὐολατερρανοὶ
771 1538 990 1609 Ῥουσιλανοί
1012 1544 1128 1610 τεκαὶ

111 1653 158 1715 ἔτι
181 1645 265 1735 πρός
287 1646 420 1727 τούτοις
443 1645 724 1716 Οὐετυλωνιᾶται.

199 1757 269 1821 LII.
297 1752 439 1833 Ταύταις
461 1756 664 1843 ἐπαρθέντες
680 1768 754 1834 ταῖς
776 1757 906 1823 ἐλπίσιν
931 1758 966 1824 οί
982 1762 1128 1826 Λατῖνοι

70 1888 96 1928 15
110 1859 445 1949 παρασκευασάμενοι
475 1860 622 1948 δύναμιν
656 1866 783 1930 οίκείαυ
815 1859 943 1949 συχνὴν
975 1864 1032 1931 καὶ
1064 1863 1127 1951 τὴν

109 1965 198 2052 παρὰ
226 1970 413 2054 Τυρρηνῶν
435 1966 685 2055 προσλαβόντες
714 1973 762 2047 είς
783 1966 845 2055 τὴν
863 1966 1039 2056 Ῥωμαίων
1061 1973 1127 2056 γῆν

109 2077 287 2160 ἐνέβαλον,
304 2074 360 2141 καὶ
378 2075 460 2142 κατὰ
477 2072 538 2143 τὸν
557 2072 662 2143 αύτὸν
680 2073 807 2162 χρόνον
825 2075 861 2142 ἐκ
880 2079 941 2144 τοῦ
960 2082 1127 2163 Σαβίνων

110 2187 235 2262 ἐθνους
266 2184 305 2248 αί
325 2185 386 2249 τοῦ
413 2181 562 2268 πολέμου
590 2180 813 2267 κοινωνήσειν
845 2179 961 2262 αὐτοῖς
982 2179 1127 2272 ὑποσχό-

109 2315 207 2376 μεναι
234 2287 348 2368 πόλεις
373 2286 436 2375 την
466 2287 707 2377 προσόμουρον
725 2292 898 2377 κυροῦσαν
922 2285 1041 2370 αὐταῖς
1061 2290 1126 2378 χῶ-

67 2419 96 2459 εο
109 2421 174 2483 ραν
206 2393 340 2484 ἐδῄουν.
396 2391 413 2462 ό
449 2394 486 2462 δέ
517 2399 586 2463 τῶν
619 2393 793 2483 Ῥωμαίων
829 2393 986 2481 βασιλεύς
1022 2422 1126 2487 παρα-

109 2499 357 2588 σκευασάμενος
378 2502 434 2569 καὶ
456 2499 559 2581 αὐτὸς
581 2503 619 2571 ἐν
646 2506 691 2594 τῷ
715 2501 836 2589 μεταξύ
859 2501 971 2594 χρόνῳ
994 2504 1126 2592 πολλὴν

107 2608 164 2675 καὶ
191 2605 328 2694 ἀγαθὴν
356 2606 504 2695 δύναμιν
532 2610 649 2696 ἐξῆγεν
677 2609 730 2676 ἐπὶ
752 2607 832 2689 τοὺς
857 2614 1040 2696 πολεμίους
1063 2611 1172 2681 &am

69 2716 247 2801 2ταχέων.
292 2719 458 2801 Σαβίνοις
484 2713 547 2802 μὲν
575 2707 639 2784 ούν
666 2713 734 2803 ἀμα
761 2715 817 2783 καὶ
840 2721 1002 2797 Λατίνοις
1028 2727 1125 2788 πολε-

108 2836 184 2910 μεῖν
202 2823 259 2890 καὶ
278 2825 424 2910 διαιρεῖν
442 2827 490 2902 είς
510 2820 574 2891 δύο
593 2823 676 2911 μέρη
694 2821 757 2909 τὴν
772 2822 919 2911 δύναμιν
938 2822 1001 2892 οόκ
1019 2821 1124 2914 ἀσφα-

181 2990 195 3037 1
216 2982 415 3053 φερεντίνῳΒ
442 2982 625 3051 φερεντίωΒ
707 2988 723 3038 6
747 2979 960 3057 είςβεβληιιότας
985 3001 1009 3040 ο.
1035 2983 1125 3041 Οοοελ

107 3055 174 3110 Var.
194 3053 271 3109 Leet.
289 3071 317 3124 p.
337 3058 390 3108 280
462 3059 477 3108 7
497 3053 546 3108 καῖ
563 3038 657 3111 Bom.
670 3055 696 3109 R
768 3061 784 3110 9
803 3051 970 3111 ἀποστέλειν
988 3055 1036 3111 Ba
1053 3051 1124 3112 ἀπο·

107 3129 215 3181 στελεῖν
232 3125 280 3180 Bb
307 3119 488 3180 ἀποστέλλειν
515 3125 541 3179 R
623 3131 656 3180 10
674 3117 708 3193 ἧς
735 3119 772 3180 ἀν
799 3120 883 3180 αύτολ
910 3122 948 3196 μὴ
976 3128 1122 3197 δεηθῶσιν

106 3196 219 3264 Βυίελτε,
238 3187 272 3266 ἦς
290 3189 328 3251 ἀν
347 3192 384 3266 μὴ
405 3191 488 3251 αύτοί
504 3198 531 3251 δ.
547 3194 637 3251 Cobet
656 3195 719 3251 Obs.
737 3215 769 3284 ρ.
794 3203 828 3252 70
844 3200 849 3265 Ι
865 3193 917 3268 οόγ
940 3190 1068 3261 ἅπαντες
1090 3196 1122 3254 δὲ

107 3286 130 3323 ο.
153 3267 255 3323 Portus
329 3274 360 3322 11
380 3266 542 3322 καλουσινολ
562 3267 585 3322 0
659 3273 692 3322 12
712 3266 908 3338 ουαλετέρνυι·
929 3266 960 3323 os
972 3271 999 3324 A
1017 3265 1122 3325 ούαλυ·

106 3344 254 3409 τερραίναι
282 3338 310 3393 ολ
337 3337 374 3408 Β,
407 3355 476 3394 corr.
504 3338 607 3394 Reiske
632 3340 637 3407 Ι
661 3336 824 3408 βουσιλανολ
845 3338 870 3392 Β
902 3335 1076 3411 βουσαλανοῖ
1097 3343 1122 3395 Δ

109 3415 141 3464 13
165 3404 386 3465 ούετυλωνιάται
403 3411 456 3464 ΑΒ
542 3414 575 3464 15
598 3405 692 3478 τὴνΒ
716 3427 770 3466 om.
793 3409 819 3464 R
899 3417 931 3466 17
957 3413 1075 3484 σαβίνυυ
1096 3415 1121 3466 Δ

107 3487 142 3535 19
160 3480 418 3552 *προσομορούσαν
436 3482 461 3534 Α
479 3480 732 3552 π<ροσομορουσαν
750 3482 951 3556 κυρ>οὗσανΒ
