2454 3916
531 193 575 266 —'
604 231 630 280 r
662 257 696 267 -
1054 227 1118 292 οτι

107 396 202 474 θημα
219 391 278 475 τῆς
297 386 433 473 ἐφόδου.
468 391 536 455 τῶν
556 385 588 454 δ’
609 389 647 455 έν
664 400 735 468 τοίς
752 386 870 476 χάραξι
888 390 1117 477 καταληφθέν·
1137 395 1160 459 4
1186 463 1190 470 ,

105 521 175 565 των
204 496 239 562 οἰ
266 493 328 581 μὲν
358 491 421 562 ὑπὸ
445 497 513 563 τῶν
535 491 709 582 Ῥωμαίων
735 493 918 582 μαχόμενοι
940 496 1120 583 κατεκόπη-

107 621 188 687 σαν,
211 603 247 668 οἰ
268 599 299 668 δ’
325 605 373 681 εἰς
394 598 457 688 τήν
481 599 654 689 συμβολήν
681 610 751 669 τῶν
777 606 938 690 ποταμῶν
961 605 1120 691 ῥίψαντες

107 707 248 788 ἑαυτοὺς
285 705 327 776 οὐ
368 708 576 794 δυνηθέντες
615 705 885 796 ὑπερενεχθῆναι
928 707 987 790 τάς
1022 714 1120 791 δίνας

105 815 357 903 κατεπόθησαν·
387 813 522 904 ἐφθάρη
546 817 587 884 δέ
606 841 656 896 τις
678 813 791 884 αὐτῶν
814 829 916 905 μοῖρα
939 812 1000 885 οὐκ
1023 813 1146 904 όλίνηι

105 923 162 991 καὶ
184 921 267 989 κατά
293 921 355 1009 τήν
382 922 548 1010 βοήθειαν
574 926 635 1009 τής
660 925 810 1013 γεφύρας
831 920 898 991 ὑπὸ
920 926 983 991 τοῦ
1005 921 1119 1010 πυρός.

106 1026 221 1116 λαβὼν
250 1027 288 1096 δὲ
316 1026 333 1097 ὁ
362 1028 547 1116 Ταρκύνιος
574 1026 749 1117 ἀμφότερα
775 1029 815 1098 τά
846 1028 1051 1118 στρατόπεδα
1078 1027 1120 1097 τά

107 1136 168 1224 μὲν
197 1138 235 1204 ἐν
262 1133 377 1215 αὐτοίς
403 1136 663 1223 καταληφθέντα
688 1136 839 1226 χρήματα
867 1151 939 1217 τοῖς
961 1135 1119 1224 στρατιά·
1160 1208 1164 1214 ,

106 1269 179 1322 ταις
215 1243 372 1330 ἐπέτρεψε
408 1246 664 1329 διανείμασθαι,
699 1241 779 1323 τοὺς
815 1243 854 1312 δὲ
890 1243 1121 1331 αχίμαλιότους

105 1349 254 1432 πολλοὺς
280 1348 371 1417 πάνυ
399 1347 499 1428 όντας
520 1353 683 1435 Σαβίνων
710 1374 745 1417 τε
774 1346 887 1417 αὐτῶν
910 1349 966 1416 καί
992 1357 1119 1438 Τυρρη-
1133 1375 1160 1418 ιο

109 1461 181 1526 νῶν
205 1460 253 1535 εἰς
270 1453 443 1543 Ῥάμην’
424 1453 562 1542 αχαχδιν
585 1453 789 1541 διάπολλής
811 1452 879 1542 εἶχε
901 1460 1061 1543 φυλακῆς.

195 1564 296 1630 LVII.
330 1567 476 1647 Σαβίνοι
498 1560 561 1649 μὲν
584 1555 648 1630 οὖν
673 1561 950 1650 ἐγνωσιμάχησαν
972 1559 1037 1631 ὑπὸ
1061 1567 1120 1650 τής

106 1669 181 1738 τότε
209 1671 384 1756 συμφορᾶς
415 1669 613 1756 βιασθέντες
644 1666 700 1735 καὶ
734 1666 939 1755 πρεσβευτάς
970 1667 1120 1738 άποστεί·

110 1784 229 1855 λαντες
241 1773 365 1863 άνοχὰς
378 1772 579 1861 ἐποιήσαντο
597 1777 659 1842 τοῦ
676 1774 825 1861 πολέμου
838 1775 1015 1861 [σπονδάς]
1031 1779 1119 1858 ἑξαε-

51 1894 191 1969 οσιτείς,
219 1881 388 1968 Τυρρηνοὶ
412 1879 450 1948 δὲ
473 1878 558 1970 ὀργή
576 1881 736 1969 φέροντες
758 1878 809 1950 ότι
831 1879 974 1968 ήττηντό
996 1910 1031 1952 τε
1053 1881 1118 1953 ὑπό
1133 1915 1160 1957 ιι

101 1987 275 2076 Ῥωμαίων
302 1987 462 2068 πολλάκις
487 1988 544 2055 καί
572 1985 624 2056 ὅτι
651 1988 731 2068 τοὺς
753 1987 983 2076 αἰχμαλώτους
1005 1988 1121 2073 αὐτοῖς

108 2096 125 2167 ὁ
155 2095 341 2186 Ταρκύνιος
369 2092 432 2164 οὐκ
453 2093 618 2164 ἀπεδίδου
644 2094 1056 2183 πρεσβευσαμένοις,.άλλ’
1083 2099 1120 2166 ἐν

107 2202 246 2292 ὁμήρων
267 2215 395 2290 κατεῖχε
417 2201 523 2295 λόγῳ,
546 2203 706 2290 ψήφισμα
732 2207 910 2271 ποιοῦνται
931 2202 1039 2283 πάσας
1061 2201 1120 2284 τὰς

106 2313 175 2378 τῶν
203 2313 388 2398 Τυρρηνῶν
413 2307 528 2388 πόλεις
553 2311 652 2397 κοινή
679 2306 738 2376 τὸν
766 2305 849 2376 κατὰ
867 2309 1038 2395 Ῥωμαίων
1060 2310 1119 2378 πό·

106 2423 212 2502 λεμον
234 2417 403 2503 ἐκφέρειν,
425 2412 488 2501 τήν
511 2412 549 2482 δὲ
571 2412 616 2501 μή
638 2414 844 2500 μετέχουσαν
866 2419 925 2502 τής
947 2421 1119 2503 στρατείας
1132 2446 1160 2488 ιο

107 2525 296 2591 ἔκσπονδον
332 2520 430 2590 εἰναι
482 2519 575 2589 ταῦτ’
610 2520 875 2608 ἐπικυρώσαντες
910 2523 1030 2608 ἐξῆγον
1061 2521 1159 2603 τάς2

108 2628 270 2717 δυνάμεις
295 2629 352 2696 καὶ
380 2627 557 2716 διαβάντες
582 2625 643 2696 τὸν
670 2630 810 2716 Τέβεριν
837 2626 943 2716 άχχοῦ
969 2628 1120 2716 Φιδήνης

107 2741 259 2806 τίθενται
286 2734 328 2805 τά
355 2733 451 2805 ὅπλα.
495 2731 674 2822 γενόμενοι
702 2733 741 2802 δὲ
768 2738 829 2820 τής
850 2734 978 2815 πόλεως
999 2735 1122 2823 ταύτης

90 2845 276 2934 ’ἐγκρατεῖς
295 2841 351 2911 διά
372 2846 557 2930 προδοσίας
580 2842 834 2910 στασιασάντων
853 2840 939 2929 πρὸς
956 2839 1121 2929 ἀλλήλους

105 2954 176 3021 τόν
204 2953 241 3020 έν
270 2948 354 3039 αὐτή
382 2951 439 3018 καὶ
464 2947 573 3018 πολλὰ
600 2948 662 3036 μέν
685 2947 821 3036 σώματα
843 2948 1019 3036 λαβόντες,
1041 2957 1120 3018 πολ·
1134 2978 1161 3020 ιι

181 3147 283 3216 σδιεφ
284 3144 364 3215 θάρη
384 3144 510 3201 αιῦοοο
525 3144 627 3216 Obs.p
629 3151 684 3200 ,71
759 3150 791 3198 12
810 3163 868 3198 ατο
888 3144 911 3199 0
931 3161 1001 3200 corr
1020 3143 1120 3214 Pflugk

109 3225 141 3273 13
163 3167 345 3292 βιασθέντεςρ
352 3217 406 3272 del
426 3216 514 3272 Cobet
532 3217 551 3271 1
570 3164 627 3272 λι)
663 3222 697 3270 14
715 3210 816 3286 post’
798 3235 852 3270 ανο
852 3211 905 3285 χάς
927 3215 990 3270 αδδ.
1017 3215 1119 3270 Reiske

107 3288 323 3376 αἰτησαμέναις,
348 3284 473 3351 σπονδάς
495 3288 550 3343 del.
573 3286 730 3376 Kiesslingl
756 3284 844 3342 Cobet
852 3236 976 3357 ²Obs.p
977 3291 1036 3342 7.1
1033 3301 1119 3371 seq

107 3361 158 3417 καί
176 3356 302 3422 σπονδάς
320 3361 422 3416 Portus
496 3364 529 3414 15
548 3353 634 3484 &wig
652 3352 692 3412 δι’
708 3327 835 3427 όρχῆςο.
851 3305 995 3427 Kiessling
1010 3350 1048 3424 Ι”
1032 3375 1079 3412 οτε
1094 3360 1119 3412 Α

108 3439 142 3488 19
161 3432 218 3486 τόν
237 3431 329 3487 om.B
400 3431 600 3500 συστρατείας
634 3428 737 3500 ylburg
756 3427 924 3498 στρατιάςΟ
996 3434 1031 3482 24
1050 3423 1120 3496 πρὸς
1161 3461 1168 3471 ·

107 3499 245 3572 ἀλλήλους
263 3503 286 3556 Β
306 3520 360 3558 om.
379 3503 405 3556 R
