2454 3916
495 105 657 158 ..Β-

72 262 137 332 νὸν
161 260 254 352 ἱερὸν
279 259 320 331 οῦ
342 262 605 333 κατεσκευάσατο
629 267 687 349 τῆς
706 261 836 344 Ἑστίας
859 261 941 332 οῦδὲ
963 267 1094 353 ἱερείας

73 371 185 451 ἔταξεν
208 366 292 459 αὐτῇ
316 372 524 459 παρθένους,
548 373 586 438 ἐν
610 369 730 459 ἑκάστη
755 369 792 438 δέ
814 373 882 438 τῶν
904 368 1092 458 τριάκοντα
1193 398 1196 403 ·

72 480 245 566 φρατριῶν
270 476 494 566 ἱδρυσάμενος
518 477 648 563 ἑστίαν,
671 476 724 564 ἐφ’
750 469 791 564 ἧς
813 482 921 546 ἔθυον
944 481 979 546 οἱ
1001 504 1092 567 φρα-

71 599 188 674 τριεῖς,
216 585 414 671 θυηπόλους
440 581 552 653 αύτῦν
580 587 714 672 ἐποίησε
741 583 820 666 τοῦς
843 587 913 654 τῶν
933 589 1091 674 κουριῶν

32 714 45 753 ⁵
72 689 239 779 ἡγεμόνας
261 689 301 759 τά
324 689 402 777 παρ’
420 688 581 779 Ἕλλησιν
604 696 667 779 ἔθη
689 690 929 780 μιμησάμενος,
950 687 973 760 ἃ
997 691 1092 782 παρὰ

72 810 145 878 ταῖς
167 795 402 887 ἀρχαιοτάταις
419 799 488 866 τῶν
507 795 638 867 πόλεων
658 801 883 884 ἐπιγίγνεται.
918 796 959 867 τά
978 798 1019 886 γέ
1034 825 1092 868 τοι

71 904 263 992 καλούμενα
298 916 482 991 πρυτανεῖα
517 902 596 992 παρ’
631 901 745 983 αὐτοῖς
780 901 957 991 <Ἑστίας>
995 905 1092 974 ἐστὶν

73 1010 158 1097 ἱερά,
180 1011 236 1079 καὶ
258 1009 480 1100 θεραπεύεται
498 1007 582 1099 πρὸς
599 1015 668 1079 τῶν
691 1009 838 1098 ἐχόντων
860 1011 898 1080 τὸ
923 1013 1147 1098 μέγιστονθλο

9 1191 16 1215 5
72 1120 110 1187 έν
132 1130 205 1197 ταῖς
226 1116 343 1185 πόλεσι
366 1115 495 1204 κράτος.

9 1218 61 1286 ἷσο
109 1227 138 1268 ³
164 1226 281 1293 LXVI.
304 1224 425 1312 Νόμας
448 1224 485 1294 δὲ
507 1222 569 1312 τὴν
592 1222 699 1312 ἀρχὴν
717 1222 921 1313 παραλαβὼν
943 1223 1003 1305 τὰς
1025 1226 1094 1312 μὲν

75 1335 164 1412 ίόίας
192 1330 253 1400 οῦκ
282 1335 414 1419 ἐκίνησε
440 1335 509 1401 τῦν
537 1335 712 1421 φρατριῶν
745 1332 869 1417 ἑστίας,
896 1330 1019 1420 κοινὴν
1053 1334 1096 1405 δέ

73 1439 295 1527 κατεστήσατο
319 1439 456 1509 πάντων
484 1444 564 1526 μίαν
593 1441 630 1507 έν
657 1441 703 1530 τῷ
732 1435 854 1526 μεταξύ
876 1443 937 1508 τοῦ
958 1466 996 1508 τε
1018 1446 1097 1510 Κπ-

73 1550 235 1616 πιτοιλίου
266 1546 322 1613 καί
358 1550 421 1615 τοῦ
452 1552 628 1614 Παλατίου
659 1550 786 1638 χωρίῳ,
824 1551 1098 1636 συμπεπολισμέ·

74 1680 147 1722 νων
171 1651 237 1740 ἤθη
259 1657 327 1721 τῶν
351 1652 468 1739 λόφων
493 1653 544 1721 ἑνί
566 1651 733 1743 περιβόλῳ
755 1653 812 1721 καί
835 1655 937 1741 μέσης
958 1651 1098 1742 άμφοίν

36 1777 61 1817 1⁵
77 1758 181 1845 οῦσης
202 1763 261 1847 τῆς
283 1757 423 1846 άγορῦις,
447 1762 484 1827 ἐν
507 1750 528 1848 ᾖ
550 1758 807 1828 κατεσκεύασται
829 1757 868 1830 τὸ
891 1758 1003 1848 ἱερόν,
1025 1763 1099 1851 τήν

75 1892 111 1936 τε
134 1864 291 1954 φυλακὴν
313 1870 381 1934 τῶν
406 1868 506 1952 ἱεροῦν
532 1866 615 1934 κατὰ
642 1864 703 1935 τὸν
730 1865 874 1955 πάτριον
895 1870 964 1936 νῦν
988 1874 1097 1939 Λατί-

75 2001 147 2044 νων
184 1971 293 2060 νόμον
331 1970 387 2040 διά
427 1976 612 2061 παρθένων
654 1976 880 2060 ἐνομοθέτησε
918 1979 1098 2060 γίνεσθαι·

35 2082 143 2170 2έχει
172 2083 213 2149 δέ
236 2107 331 2160 τινας
362 2078 503 2169 άπορίας
534 2080 590 2148 καί
622 2077 661 2147 τὸ
689 2078 945 2167 φυλαττόμενον
977 2082 1016 2149 έν
1045 2087 1097 2176 τῷ

77 2192 156 2281 ἱερῷ
179 2194 215 2257 τί
236 2186 361 2276 δήποτέ
382 2187 525 2256 ἐστικαὶ
549 2183 606 2255 διά
627 2193 664 2255 τί
678 2185 872 2274 πρόσκειται
893 2189 1099 2275 παρθένοις.

35 2322 62 2360 ιο
75 2295 165 2376 τινὲς
193 2294 255 2383 μέν
284 2287 347 2363 οῦν
376 2292 479 2363 οῦδὲν
512 2296 573 2376 ἔξω
601 2298 662 2362 τοῦ
689 2297 842 2382 φανεροῦ
868 2291 975 2382 πυρὸς
1002 2293 1104 2367 εἶναί-

77 2424 162 2491 φασι
185 2401 222 2472 τὸ
246 2401 472 2491 τηρούμενον,
499 2400 562 2488 τὴν
591 2400 628 2469 δὲ
656 2397 812 2489 φυλακὴν
835 2398 940 2469 αὐτοῦ
962 2407 1098 2490 παρθέ-

76 2537 150 2589 νοις
173 2507 374 2577 ἀνακεῖσθαι
393 2512 522 2596 μᾶλλον
546 2505 567 2595 ἢ
587 2506 732 2596 ἀνδράσι
750 2513 928 2577 ποιοῦνται
950 2508 1099 2580 κατὰτὸ

77 2615 182 2700 είκός,
210 2613 264 2683 ῦτι
296 2618 363 2703 πῦρ
397 2614 458 2703 μέν
486 2613 665 2703 ἀμίαντον,
698 2617 871 2704 παρθένος
896 2611 929 2682 θ’
955 2612 1099 2706 άφθαρ·

75 2749 152 2808 τον,
183 2725 229 2813 τῷ
264 2720 295 2787 θ’
322 2718 494 2813 ἁγνοτάτῳ
527 2725 595 2790 τῶν
627 2728 734 2790 θείων
760 2718 821 2790 τὸν
847 2718 1099 2809 καθαριότατον

37 2801 146 2927 {cdv
169 2832 309 2913 θνητῶν
332 2833 444 2915 φίλον.
479 2825 593 2918 Ἑστία
611 2826 642 2896 δ’
663 2827 864 2897 άνακεῐσθαι
882 2825 920 2897 τὸ
943 2831 1012 2916 πῦρ
1035 2856 1099 2899 νο-

78 2941 244 3024 μίζουσιν,
269 2933 319 3004 ὅτι
343 2939 385 3022 μή
404 2961 439 3003 τε
463 2926 548 3002 οὖσα
570 2932 591 3022 ἡ
614 2933 696 3016 θεὸς
717 2932 853 3004 καὶτὸν
876 2935 981 3022 μέσον
999 2939 1099 3005 κατέ-

151 3090 276 3165 2αύτῇς
293 3096 369 3150 BaR
440 3095 609 3182 3φρατρῦν
632 3113 655 3150 ο.
675 3094 817 3164 Kiessling
887 3094 1100 3164 4κονριῦνΒ

79 3188 149 3237 κουρ
152 3169 203 3221 ίων
226 3168 251 3221 R
328 3171 344 3220 ὅ
368 3186 386 3219 α
410 3160 545 3248 παρά]”
526 3183 599 3235 απερ
626 3163 657 3220 ἐν
685 3183 707 3221 ο.
728 3165 850 3222 Sintenis
872 3166 933 3222 Em
951 3164 1035 3222 Dion
1055 3166 1100 3224 ΙΠ

79 3258 107 3309 p.
127 3245 161 3293 22
217 3242 232 3292 λ
249 3233 360 3298 Εστίας
379 3236 441 3291 add.
457 3235 560 3291 Reiske
615 3232 664 3290 8ο
687 3233 826 3307 θεὸςθερ
828 3233 967 3292 απεύεται
986 3253 1010 3291 ο.
1024 3238 1100 3293 Am·

79 3310 182 3366 brosch
258 3305 455 3364 9πόλεσινΒ
534 3312 565 3360 13
589 3309 759 3363 παλλαντίον
778 3308 824 3363 Bb
901 3314 935 3363 22
953 3301 1047 3362 ἄνθ’
1010 3326 1100 3376 ρασιν

80 3383 231 3438 οἱονταιο.
251 3378 393 3448 Kiessling
464 3385 498 3434 23
517 3377 674 3449 παρθένοις
691 3380 744 3433 ΑΒ
