2454 3916
501 226 667 278 -A-
1051 227 1093 293 73

77 380 114 450 τά
137 382 176 451 δέ
200 381 339 472 σώματα
361 382 445 453 αύτά
471 384 589 452 καὶτὰ
618 383 690 473 ίερά
716 384 756 454 τά
779 391 915 479 πατρῷα
937 389 993 457 καὶ
1015 386 1094 476 χρή-

77 517 160 577 ματα
189 488 299 559 ὁπόσα
322 494 439 579 φέρειν
465 491 604 560 δύναιτο
636 491 880 562 διασώσασθαι.
927 495 1030 578 δόξαν
1055 492 1133 562 δδ3

76 595 181 689 αύτῷ,
210 601 333 677 παῖδας
360 598 422 685 μὲν
454 599 510 666 καὶ
540 612 702 684 γυναῖκας
728 600 784 667 καὶ
811 598 851 667 τά
878 600 1001 689 γηραιὰ
1030 599 1093 668 σώ-

75 731 161 791 ματα
191 705 245 772 καὶ
278 701 417 785 ὁπόσοις
446 704 561 784 ἀλλοις
590 709 748 793 βραδείας
776 711 845 775 ἔδει
874 712 985 795 φυγης
1012 732 1093 795 προ-

74 812 226 893 εξελθεῖν
253 811 379 879 κελεύει
409 815 468 898 τῆς
489 812 619 892 πόλεως
640 811 723 881 κατά
746 812 804 894 τάς
828 815 881 883 ἐπὶ
907 813 970 902 τὴν
993 811 1121 899 Ἴδηνε

73 915 245 1001 φερούσας
268 913 380 1002 ὁδούς,
405 919 466 997 ἕως
485 915 611 1004 Ἀχαιοὶ
633 916 695 1005 την
718 917 827 1007 άκραν
851 922 939 990 ἑλεῖν
961 930 1092 1009 προθυ-

74 1022 240 1110 μούμενοι
272 1022 417 1104 διώξεως
447 1028 509 1092 τού
542 1026 779 1106 διαπίπτοντος
806 1028 841 1094 έκ
872 1031 931 1114 της
963 1026 1094 1116 πόλεως

72 1129 228 1216 πλήθους
252 1128 355 1198 οὐδὲν
377 1135 678 1217 προεμηχανῶντο,
705 1137 767 1201 τού
791 1133 828 1201 δέ
852 1136 1091 1221 στρατιωτικοῦ

73 1235 109 1304 τὸ
134 1236 199 1323 μὲν
223 1237 276 1304 ἐπὶ
299 1240 433 1324 φυλακῇ
456 1241 525 1305 τών
545 1237 704 1318 ἐξιόντων
723 1242 846 1322 ἔταξεν,
871 1236 916 1319 ώς
937 1239 1092 1327 ἀσφαλής

46 1370 110 1422 ιςτε
133 1344 191 1411 καὶ
215 1341 446 1430 ἀταλαίπωρος
465 1345 500 1411 έκ
518 1348 586 1412 τών
612 1344 763 1414 ἐνόντων
782 1343 847 1433 <η>
866 1345 957 1433 φυγὴ
977 1343 1092 1424 αὐτοῖς
1106 1375 1134 1413 10

72 1450 227 1537 γίνοιτο,
257 1460 368 1538 είρητο
399 1449 437 1518 δὲ
470 1449 603 1530 τούτοις
624 1448 668 1519 τά
692 1451 922 1539 καρτερώτατα
951 1459 1091 1520 καταλα-

72 1560 197 1644 βέσθαι
224 1560 283 1643 τῆς
300 1555 411 1643 Ἴδης·
439 1554 477 1626 τὸ
503 1556 540 1624 δὲ
563 1555 697 1644 λοιπὸν,
726 1555 746 1626 δ
771 1557 812 1646 δὴ
835 1559 1014 1648 κράτιστον
1037 1548 1092 1645 ἦν,

73 1661 175 1743 αὐτὸς
207 1669 292 1751 ἔχων
324 1661 488 1750 ὑπέμενεν
522 1663 576 1741 ἐπὶ
607 1667 669 1731 τού
699 1670 830 1751 τείχους
865 1666 921 1733 καὶ
953 1677 1090 1751 παρεῖχε

73 1785 143 1850 τοῖς
184 1771 449 1858 προεξελθοῦσιν
493 1760 597 1854 ἦττον
631 1769 814 1850 ἐπιπόνους
855 1771 1134 1909 διηρτημένων4

72 1882 266 1966 τειχομαχία
295 1880 363 1944 τών
393 1880 563 1963 πολεμίων
595 1873 653 1955 τάς
685 1876 803 1963 φυγάς.
848 1879 1093 1964 Νεοπτολέμου
1106 1932 1133 1974 15

75 1984 109 2052 δὲ
139 1980 205 2051 σύν
232 1997 302 2062 τοῖς
329 1981 412 2070 ἀμφ’
439 1979 543 2051 αύτδν
567 1980 745 2068 ἐπιβάντος
767 1986 891 2072 μέρους
918 1982 1012 2063 τινὸς
1033 1985 1093 2068 τῆς

74 2088 177 2178 άκρας
209 2089 265 2157 καὶ
296 2087 631 2176 προσβοηθησάντων
664 2086 778 2169 αύτοίς
807 2088 948 2177 Ἀχαιών
984 2086 1090 2157 ἀπάν-

73 2224 139 2267 των
167 2200 228 2283 της
255 2196 317 2284 μὲν
344 2194 448 2284 ἀκρας
478 2201 645 2283 μεθίεται,
674 2193 811 2278 ἀνοίξας
838 2197 876 2265 δὲ
903 2196 962 2276 τάς
984 2194 1092 2274 πύλας

74 2301 172 2394 ἀπῄει
202 2304 489 2390 συντεταγμένους
512 2306 598 2388 ἔχων
634 2299 714 2381 τούς
750 2301 888 2382 λοιπούς
924 2301 1091 2390 φυγάδας,

73 2407 241 2498 ἀγόμενος
263 2410 315 2477 ἐπὶ
329 2423 402 2488 ταῖς
423 2413 613 2496 κρατίσταις
636 2413 800 2495 συνωρίσι
823 2407 885 2476 τόν
907 2435 942 2476 τε
965 2408 1091 2493 πατέρα
1106 2430 1134 2471 εο

71 2518 125 2586 καὶ
154 2514 261 2596 θεοὺς
288 2513 366 2594 τοὺς
392 2513 569 2606 πατρῴους
595 2513 739 2599 γυναῖκά
767 2540 803 2582 τε
829 2514 885 2581 καί
912 2517 1012 2583 τέκνα
1035 2513 1091 2581 καὶ

70 2628 138 2692 τών
162 2621 278 2690 ἄλλων
301 2631 335 2690 εί
352 2650 385 2690 τι
408 2626 567 2689 πλείστου
588 2619 684 2702 ἀξιον
707 2612 751 2707 ἦν
773 2624 868 2708 σῶμα
891 2617 912 2708 ἢ
935 2624 1055 2710 χρῆμα,

137 2748 339 2815 XXXXVII.
373 2744 430 2814 Ἐν
455 2745 492 2813 δὲ
514 2744 622 2836 τούτῳ
649 2743 732 2813 κατδι
759 2745 880 2834 κράτος
908 2745 1091 2834 εἰλήφεσαν

61 2848 196 2945 Ἀχαιοὶ
219 2850 281 2939 την
304 2852 405 2921 πόλιν
427 2852 484 2921 καὶ
506 2852 582 2940 περὶ
596 2850 654 2932 τάς
674 2849 824 2941 ἁρπαγάς
847 2852 1091 2934 ἐσπουδακότες

143 3073 160 3120 2
185 3059 261 3127 ὅπως
284 3066 306 3118 Β
396 3064 481 3127 4καλ
508 3059 624 3128 ὁπόσοις
652 3061 744 3128 ἄλλοις
771 3067 819 3120 Ab
857 3060 971 3130 ὁπόσοις
999 3063 1093 3130 ἀλλοις

57 3141 169 3194 Aa..
181 3134 308 3210 ..<καλ)
326 3131 427 3199 ἀλλους
447 3135 489 3199 οἷς
507 3136 555 3191 Bb
577 3133 671 3198 ἀλλοις
689 3137 735 3191 Ba
815 3142 922 3207 8ιτρου
944 3139 1092 3208 ηχανώντο

58 3209 172 3264 malim
237 3201 366 3262 unt
333 3226 367 3278 τη
387 3207 539 3279 φυλακῇΒ
603 3203 670 3264 10
657 3228 674 3276 η
693 3208 756 3263 add.
774 3209 896 3264 Sintenis
910 3159 979 3264 βιοτά
982 3209 1093 3265 Dion.I

91 3286 153 3335 ,10
228 3283 261 3331 11
281 3275 438 3346 γένηταιΒ
513 3284 545 3333 18
565 3275 616 3341 τάς
635 3273 767 3348 φυγάδας
785 3275 932 3364 πύλαςΟ,
959 3275 1092 3348 φηγάδας

102 3351 211 3418 eineko,
231 3349 285 3403 del
305 3349 416 3403 Urlichs
434 3349 489 3404 Εοε
507 3350 567 3420 Ip.
587 3356 638 3405 324
665 3345 828 3434 φυγαδικὰς
851 3350 965 3420 Madvig
987 3349 1093 3404 Adv.1

55 3434 102 3491 Ι).
121 3427 187 3506 314,
204 3391 344 3490 φυγάδας
362 3418 505 3490 Kiessling
523 3423 587 3490 post
609 3414 726 3482 λοιπούς
743 3421 915 3490 transposuit
987 3413 1092 3473 2031:-

60 3463 259 3562 αγόμενοςο
278 3488 367 3546 Cobet
386 3489 450 3545 obs.
469 3510 497 3561 p
518 3498 552 3547 30
