2454 3916
125 210 192 276 280
548 213 713 263 -Γ-

86 380 106 444 3
125 370 191 459 ἤδη
214 375 260 464 τῷ
283 372 426 463 πολέμῳ.
467 374 526 440 ἵνα
549 369 591 458 δὴ
615 370 659 460 μὴ
683 370 742 452 τάς
764 375 900 453 ψευδεῖς
922 375 1030 451 αίτίας
1054 370 1146 438 είκά-

126 486 200 566 ζητε
227 480 386 566 περὶτῆς
413 480 494 566 ἐμῆς
522 480 762 569 προαιρέσεως,
791 476 836 546 δι’
862 474 903 559 ἃς
933 475 1014 560 άξιῶ
1042 506 1145 548 κατα*

62 677 64 680 γ
125 585 297 655 λύσασθαι
327 584 390 655 τὸν
421 585 583 674 πόλεμον,
611 584 774 656 άκούσατε
801 583 860 666 τὰς
886 583 1039 672 ἀληθεῖς·
1077 585 1146 672 ἐγὼ

125 691 310 781 στρατηγὸς
333 691 548 780 ἀποδειχθεὶς
572 691 637 762 ὑπὸ
661 696 719 780 τῆς
741 696 902 782 πατρίδος
925 691 1145 780 αὐτοκράτωρ

86 830 100 872 ο
126 796 195 887 άμα
217 803 263 893 τῷ
286 806 494 889 παραλαβεῖν
522 799 584 888 τὴν
612 799 719 888 ἀρχὴν
747 800 914 869 ἐσκόπουν
941 803 1031 880 τίνες
1053 791 1145 887 ἦσαν

127 909 165 974 αί
186 905 434 994 συνταράξασαι
460 904 520 986 τδις
546 906 660 987 πόλεις
686 904 782 995 ἡμῶν
809 905 1002 994 προφάσεις.
1050 905 1144 995 δρῶν

128 1012 166 1081 δέ
188 1010 307 1101 μικράς
328 1013 384 1080 καὶ
408 1012 539 1099 φαύλας
560 1014 616 1081 καὶ
645 1011 706 1102 ούχ
730 1011 847 1094 ἱκανάς
870 1017 995 1082 διελεῖν
1017 1015 1193 1083 moad-422

127 1147 190 1206 την
218 1123 336 1206 φιλίαν
362 1119 419 1186 καί
448 1121 647 1205 συγγένειαν
675 1119 718 1188 ού
744 1119 785 1190 τά
806 1120 966 1209 κράτιστα
988 1117 1144 1209 ἡγούμην

86 1232 109 1296 4
129 1224 206 1294 οὔτε
221 1223 404 1311 Ἀλβανοδς
423 1222 499 1294 ούτε
517 1221 604 1312 ὑμᾶς
626 1227 888 1314 βουλεύσασθαι.
934 1232 982 1296 ἐτι
1006 1226 1044 1295 δὲ
1063 1232 1145 1315 μᾶλ-

32 1330 34 1336 ’
88 1364 114 1405 ιο
128 1339 190 1400 λον
222 1336 330 1418 ἐγνων
345 1423 347 1426 y
362 1335 462 1401 τοῦτο
499 1333 555 1400 καὶ
586 1332 715 1420 πολλὴν
742 1336 913 1419 κατέγνων
941 1331 1144 1421 ἀμφοτέρων

127 1436 224 1526 ἡμῶν
248 1443 385 1524 μανίαν,
408 1436 522 1523 ἐπειδὴ
545 1443 725 1526 παρῆλθον
749 1441 802 1507 ἐπὶ
824 1437 865 1507 τά
887 1438 1067 1528 πράγματα
1089 1442 1145 1509 καὶ

127 1557 248 1631 πεῖραν
280 1543 472 1631 ἐλάμβανον
509 1549 568 1632 τῆς
600 1543 742 1615 ἑκάστου
777 1547 1012 1635 προαιρέσεως.
1069 1546 1145 1616 οὔτε

42 1670 45 1675 ’
128 1650 192 1740 γάρ
226 1652 263 1719 ἐν
294 1663 365 1730 τοῖς
398 1654 499 1731 ἰδίοις
531 1648 603 1720 οὔτ’
633 1653 671 1720 ἐν
702 1665 774 1731 τοῖς
804 1665 933 1731 κοινοῖς
965 1652 1146 1739 συλλόγοις

129 1756 361 1845 ὁμονοοῦντας
396 1752 480 1843 ὑπὲρ
517 1761 578 1826 τοῦ
615 1758 769 1857 πολέμουΧ
800 1756 928 1837 πάντας
961 1755 1146 1845 Ἀλβανοὺς

90 1894 115 1935 15
130 1863 262 1951 ἑώρων,
285 1866 400 1953 μακρῷ
425 1864 466 1931 δέ
485 1890 554 1932 τινι
581 1867 648 1932 τῶν
677 1865 710 1945 ἐξ
733 1862 958 1954 ἀνθρωπίνου
979 1870 1144 1953 λογισμοῦ

128 1970 479 2057 καταλαμβανομένων
525 1973 678 2056 χαλεπῶν
723 1968 763 2039 τά
807 1969 968 2057 δαιμόνια
1014 1987 1144 2059 σημεῖα,

130 2075 230 2146 ὁπότε
259 2079 450 2164 χρησαίμην
486 2080 643 2162 σφαγίοις
672 2078 748 2164 περὶ
780 2076 901 2165 μάχης,
933 2077 1144 2165 χαλεπώτερα

129 2182 293 2270 γινόμενα
323 2179 458 2280 πολλὴν
490 2185 687 2269 δυσθυμίαν
719 2184 856 2272 παρεῖχέ
886 2209 944 2270 μοι
975 2185 1032 2252 καί
1063 2182 1143 2272 άμη-

89 2293 260 2379 ὅχανίαν.
311 2286 567 2375 ἐνθυμούμενος
596 2286 637 2375 δὴ
667 2291 772 2357 ταῦτα
801 2293 859 2376 τῆς
888 2289 965 2377 μὲν·
983 2290 1038 2358 ἐπὶ
1067 2289 1145 2370 τοὺς

89 2427 117 2468 ιο
130 2395 264 2485 άγῶνας
294 2393 399 2483 ὁρμῆς
426 2397 583 2482 ἐπέσχον,
612 2393 782 2481 ἀναβολάς
814 2393 852 2463 δδ
877 2397 934 2464 καί
967 2396 1184 2484 διατριβάςιῖῖ

130 2503 316 2590 ἐποιούμην
352 2504 414 2571 τοῦ
455 2502 604 2589 πολέμου
643 2503 828 2590 προτέρους
867 2498 954 2590 ὑμᾶς
992 2501 1146 2591 οἰόμενος

129 2609 244 2698 άρξειν
267 2612 335 2678 τῶν
358 2608 434 2696 περὶ
457 2612 572 2695 φιλίας
593 2605 720 2694 λόγων·
741 2609 798 2676 καὶ
821 2612 889 2676 ἔδει
907 2600 1001 2695 γε,ά
1029 2609 1145 2696 Τύλλε,

130 2720 229 2785 τοῦτο
253 2725 363 2782 ποιεῖν
386 2710 474 2801 ὑμᾶς
500 2709 662 2792 άποίκους
686 2710 786 2794 ὄντας
813 2712 911 2801 ἡμῶν
939 2715 995 2782 καί
1023 2714 1070 2803 μὴ
1093 2741 1146 2785 πε·

132 2823 282 2911 ριμένειν
311 2821 373 2899 ἕως
400 2817 421 2907 ἡ
445 2817 649 2907 μητρόπολις
676 2817 769 2908 άρξη.
816 2818 897 2906 όσης
922 2818 987 2909 γάρ
1015 2819 1146 2904 άξιούσι

91 2956 117 2998 25
132 2930 228 3015 τιμῆς
255 2924 436 3013 τυγχάνειν
466 2928 501 2993 οί
525 2926 663 3012 πατέρες
689 2925 779 3013 παρὰ
807 2928 875 2994 τόν
906 2925 1073 3016 ἐκγόνων,
1096 2956 1146 2998 το-

132 3031 256 3120 σαύτης
285 3035 320 3101 οί
345 3036 517 3111 κτίσαντες
543 3029 602 3110 τὰς
632 3029 747 3111 πόλεις
772 3030 862 3120 παρὰ
888 3035 957 3102 τῶν
987 3032 1145 3104 ἀποίκων.

91 3144 112 3210 6
132 3142 169 3208 ἐν
193 3131 220 3231 ᾦ
245 3139 282 3207 δὲ
305 3134 400 3227 ἡμεῖς
422 3139 603 3225 ἐμέλλομεν
621 3140 678 3207 καί
695 3143 948 3227 παρετηροῦμεν
969 3138 1145 3230 ἀλλήλους,

203 3330 276 3405 Ῑμὴ
301 3325 353 3389 ούν
370 3334 418 3387 Bb
496 3337 528 3386 11
548 3327 628 3421 ὑμῶν
651 3333 704 3388 ΑΒ
778 3339 811 3389 15
830 3333 862 3390 δέ
886 3333 984 3390 τινιΟ
1012 3330 1042 3390 δ’
1064 3290 1143 3392 1ἐτιο.

130 3400 353 3532 ἕδερεβοςχέξ]
373 3400 405 3459 ἐν
423 3407 449 3458 A
504 3409 538 3458 24
557 3404 637 3474 αρξει
651 3405 697 3460 Bb
716 3400 787 3476 άρξη
801 3405 880 3460 ΑΒο
933 3410 968 3461 25
985 3401 1143 3476 ἐκγόνωνΒ

147 3496 258 3548 γγονων

56 3642 172 3680 ᾖ
