2454 3916
576 210 740 264 ..Β-

151 368 320 458 παραλλδιξ
351 371 407 438 καὶ
438 375 599 456 πατρίους
629 368 724 449 τινάς
759 368 889 456 ὕμνους
920 368 1067 461 ᾅδουσιν
1099 367 1165 456 άμα

151 490 223 557 ταῖς
249 483 404 565 χορείαις.
449 483 584 567 χορείαν
614 476 651 545 δέ
678 477 734 544 καὶ
761 482 897 563 κίνησιν
925 477 1084 545 ἐνόπλιον
1112 476 1166 544 καὶ

151 582 212 652 τὸν
240 587 277 654 έν
304 599 377 665 ταῖς
408 582 546 654 ἀσπίσιν
578 581 849 670 ἀποτελούμενον
875 580 940 652 ῦπδ
968 586 1039 652 τάν
1066 584 1168 671 έγχει·

153 694 272 775 ριδίων
291 695 422 780 ψόφον,
446 701 480 761 εί
498 719 529 761 τι
553 696 607 760 δεῖ
630 705 702 771 τοῖς
727 689 879 779 άρχαίοις
900 695 1168 778 τεκμηριοῦσθαι

111 821 124 860 5
152 796 280 886 λόγοις,
312 804 486 889 Κουρῆτες
516 791 604 886 ἦσαν
641 802 681 866 οί.
709 801 836 887 πρῶτοι
871 795 1169 884 καταστησάμενοι.

151 901 212 973 τὸν
236 906 274 974 δὲ
295 907 371 995 περὶ
394 904 507 974 αὐτόν
526 909 640 992 μῦθον
659 902 762 972 οὐδέν
788 905 906 992 δέομαι
928 901 1012 992 πρὸς
1036 902 1170 983 εἰδότας

104 1069 131 1097 ι,
153 1009 272 1099 ὀλίγου
295 1017 368 1081 δεῖν
390 1013 518 1092 πάντας
540 1011 694 1099 γράφειν.

28 1110 147 1207 λάξ-»δεῖ
194 1133 217 1177 >
241 1120 355 1187 LXXI.
389 1115 446 1187 Ἐν
469 1120 507 1188 δέ
528 1133 601 1199 ταῖς
622 1121 771 1204 πέλταις,
793 1113 834 1197 ἃς
856 1120 947 1186 οἵτε
970 1116 1085 1186 σάλιοι
1110 1143 1169 1204 φο-

66 1225 70 1231 “
152 1233 251 1311 ροῦσι
278 1225 334 1293 καὶ
361 1221 402 1305 άς
428 1222 590 1312 ὑπηρέται
621 1225 711 1305 τινές
743 1223 854 1294 αὐτῶν
881 1221 1070 1313 ἠρτημένας
1104 1221 1169 1292 άπὸ

112 1344 139 1387 10
151 1330 309 1400 κανόνων
331 1337 519 1418 κομίζουσι,
541 1340 680 1412 πολλαῖς
706 1331 798 1400 πάνυ
826 1329 943 1411 οὔσαις
970 1335 1052 1417 μίαν
1081 1329 1171 1399 εἶναι

152 1436 289 1523 λέγουσι
316 1443 470 1526 διοπετῆ,
498 1436 682 1528 εὑρεθῆναι
710 1435 743 1507 δ’
769 1436 875 1524 αὐτήν
904 1457 1010 1524 φασιν
1039 1439 1077 1505 έν
1100 1451 1172 1517 τοῖς

152 1548 334 1629 βασιλείοις
364 1560 436 1626 τοῖς
465 1544 582 1633 Νόμα,
609 1544 764 1633 ’μηδενὸς
795 1543 990 1634 ἀνθρώπων
1024 1546 1171 1630 είσενέγ-

152 1677 274 1732 καντος
305 1649 383 1740 μηδ’
415 1655 631 1740 ἐγνωσμένου
662 1650 826 1741 πρότερον
863 1654 901 1720 έν
930 1648 1069 1729 Ἰταλοῖς
1102 1677 1172 1720 τοι-

155 1747 258 1826 ούτου
291 1759 472 1847 σχήματος,
509 1761 542 1841 ἐξ
571 1751 619 1829 ὧν
651 1756 851 1848 ἀμφοτέρων
878 1756 1062 1843 ὑπολαβεῖν
1092 1755 1173 1826 Ῥω-

114 1847 274 1974 Ξμαίους
300 1865 514 1953 θεόπεμπτον
540 1864 628 1934 εῖναι
658 1866 696 1934 τὸ
726 1862 840 1933 ὅπλον.
887 1866 1104 1951 βουληθέντα
1133 1863 1173 1933 δὲ

154 1971 214 2039 τὸν
241 1970 365 2060 Νόμαν
397 1978 565 2059 τιμᾶσθαί
592 1999 627 2041 τε
663 1970 745 2040 αὐτὸ
778 1970 968 2061 φερόμενον
1000 1968 1067 2040 ῦπδ
1101 1974 1173 2040 τῶν

153 2083 339 2166 κρατίστων
358 2081 446 2148 νέων
465 2082 502 2148 έν
527 2081 631 2165 ἱεραῖς
650 2077 787 2168 ἡμέραις
809 2077 875 2147 άνά
900 2076 962 2165 τὴν
985 2078 1087 2145 πόλιν
1110 2078 1216 2146 παίσει

153 2190 288 2254 θνσιιῦν
321 2187 478 2254 ἐπετείων
513 2185 710 2273 τυγχάνειν,
748 2184 923 2254 δεδοικότα
961 2184 998 2252 δέ
1020 2185 1173 2272 -έπιβου

154 2291 215 2373 λάς
241 2319 277 2361 τε
304 2290 364 2372 τάς
390 2289 448 2361 ἄπ’
480 2294 613 2382 ἐχθράν
645 2293 701 2360 καὶ
733 2289 927 2379 ἀφανισμὸν
960 2289 1065 2359 αὐτοῦ
1095 2300 1172 2360 κλο-

115 2421 142 2462 ιο
155 2413 272 2486 παῖον,
296 2398 381 2468 ὅπλα
404 2401 540 2486 λέγουσι
562 2396 668 2467 πολλά
689 2398 1005 2466 κατασκευάσασθαι
1028 2401 1075 2490 τῷ
1102 2402 1171 2466 διο·
1195 2437 1197 2440 >

154 2521 247 2575 πετεῖ
275 2506 503 2594 παραπλήσια,
541 2511 726 2593 Μαμορίου
761 2504 854 2585 τινὸς
887 2509 1100 2593 δημιουργοῦ
1131 2504 1172 2574 τὸ

156 2618 257 2702 έργου
280 2613 542 2699 ἀναδεξαμένου,
566 2611 649 2681 ὥστε
672 2610 803 2700 άσημον
826 2615 987 2698 γενέσθαι
1008 2611 1065 2679 καὶ
1091 2615 1172 2680 δυσ-

156 2719 367 2806 διάγνωστον
408 2733 479 2799 τοῖς
519 2721 700 2806 μέλλουσιν
742 2717 973 2806 ἐπιβουλεύειν
1008 2716 1073 2805 τὴν
1110 2722 1174 2788 τοῦ

155 2829 368 2913 θεοπέμπτου
400 2825 508 2912 φάσιν
540 2823 596 2893 διά
627 2823 690 2912 τὴν
721 2823 978 2914 ἀπαράλλακτον
1010 2828 1078 2891 τῶν
1112 2821 1174 2893 άν-

116 2910 337 3038 ἔξθρωπείων
366 2937 473 3021 ἔργων
502 2929 689 3019 ὁμοιότητα.
736 2931 914 3020 έπιχοέριον
938 2930 976 2999 δέ
993 2928 1175 3018 Ῥωμαίοις

155 3040 211 3107 καὶ
238 3039 329 3108 πάνυ
356 3044 468 3126 τίμιον
498 3037 515 3107 ὁ
546 3038 783 3126 κουρητισμός,
811 3036 856 3118 ὡς
883 3041 918 3107 έιι
945 3042 1080 3107 πολλῶν
1109 3039 1173 3126 μέν

154 3147 211 3213 καὶ
234 3146 346 3214 άλλων
370 3143 434 3231 έγόι
460 3144 703 3232 συμβάλλομαι,
727 3144 869 3232 μάλιστα
894 3142 924 3212 δ’
947 3146 983 3213 ἐκ
1005 3148 1075 3213 τῶν
1094 3146 1174 3236 περὶ

154 3252 215 3333 τάς
246 3251 379 3353 πομπὰς
410 3251 470 3331 τάς
501 3279 535 3320 τε
568 3254 604 3319 έν
629 3251 825 3344 ἱπποδρόμῳ
857 3251 913 3319 καὶ
944 3249 1004 3332 τάς
1035 3254 1072 3320 ἐν
1103 3267 1176 3334 τοῖς

36 3470 41 3475 ,
227 3418 244 3467 ὅ
263 3413 398 3481 κονρῆτες
417 3412 440 3467 0
511 3417 546 3467 21
567 3411 739 3482 δημιουργοῦ
758 3407 789 3466 τὸ
811 3409 892 3481 ἔργον
906 3412 929 3465 Β
948 3407 979 3466 τδ
1001 3409 1087 3483 ἔργον
1107 3415 1133 3469 δ.
1148 3415 1176 3470 R.

157 3484 339 3555 δημιουργεῖν
359 3500 381 3538 ο.
402 3484 523 3540 Sintenis
541 3483 601 3538 Em.
621 3482 701 3538 Dion.
721 3482 762 3536 III
779 3501 806 3552 p.
826 3489 843 3536 4
