2454 3916
500 211 664 264 ..B-

68 376 135 441 τοῦ
172 375 295 439 Τατίου
325 367 386 438 τὸν
418 368 522 455 λόγον
558 367 630 438 κατ’
666 371 785 438 έλπίδα
816 373 1000 460 προδοσίας
1032 372 1088 440 καὶ

72 475 304 556 συνελθόντος
341 480 388 555 είς
424 473 485 543 τὸν
526 473 772 563 ἀποδειχθέντα
812 474 932 563 τόπον,
969 485 1089 565 προελ-

70 589 187 654 θοῦσα
223 589 271 663 είς
306 579 442 670 έφικτὸν
479 580 500 669 ή
537 584 709 669 παρθένος
750 584 989 669 ἐξεληλυθέναι
1025 583 1088 671 μὲν

71 689 194 771 νυκτὸς
213 693 248 758 ἐκ
266 694 328 760 τοῦ
346 694 517 777 φρουρίου
539 687 600 757 τὸν
623 691 748 777 πατέρα
771 687 873 777 αῦτής
893 696 956 777 ἔφη
976 697 1089 777 χρείας

69 795 165 877 τινὸς
188 799 295 883 ἕνεκα,
313 795 372 876 τάς
396 797 433 864 δὲ
454 804 544 876 κλεῖς
566 794 649 883 αύτή
673 795 855 884 φυλάττειν
877 801 946 865 τῶν
969 800 1087 865 πυλών
1114 824 1129 866 ο

71 905 127 972 καὶ
150 903 365 994 παραδώσειν
388 902 502 983 αὐτοῖς
524 902 562 972 τὸ
586 909 694 991 έρυμα
722 901 843 984 νυκτὸς
866 901 1089 993 ἀφικομένοις

70 1010 200 1099 μισθὸν
235 1015 294 1099 τῆς
329 1015 513 1099 προδοσίας
544 1015 696 1097 λαβοῦσα
726 1009 767 1079 τά
799 1011 978 1100 φορήματα
1015 1016 1088 1080 τών

71 1123 251 1205 Σαβίνων,
296 1114 317 1186 ἀ
353 1119 429 1204 περὶ
469 1131 539 1197 τοίς
580 1116 769 1205 εὐωνύμοις
809 1115 901 1205 είχον
943 1116 1090 1198 ἅπαντες

71 1230 259 1315 βραχίοσιν.
305 1223 528 1304 εὐδοκοῦντος
552 1223 590 1292 δὲ
617 1228 678 1292 τοῦ
706 1229 829 1293 Τατίου
852 1228 1005 1310 λαβοῦσα
1030 1223 1130 1305 τάςὸ

72 1336 200 1414 πίστεις
228 1330 273 1399 δι’
300 1330 412 1419 ὅρκων
445 1327 523 1417 παρ’
550 1327 654 1398 αὐτοῦ
686 1331 742 1397 καὶ
774 1328 857 1416 αύτή
891 1333 999 1398 δοῦσα
1027 1336 1090 1400 τοῦ
1105 1357 1132 1396 10

74 1435 120 1525 μή
139 1437 327 1519 ψεύδεσθαι
345 1435 403 1517 τάς
422 1434 603 1524 ὁμολογίας
618 1435 725 1505 τόπον
743 1463 778 1504 τε
798 1434 951 1526 ὁρίσασα,
970 1434 1024 1524 ἐφ’
1047 1433 1089 1506 δυ

22 1547 142 1615 nawa
160 1541 239 1624 τοῦς
253 1548 426 1630 Σαβίνους
443 1545 570 1628 έλθείν,
584 1541 644 1610 τὸν
664 1541 876 1632 ἐχυρώτατον
896 1544 952 1610 καὶ
967 1541 1090 1623 νυκτὸς

77 1650 171 1738 ώραν
189 1648 251 1738 τήν
269 1648 546 1738 ἀφυλακτοτάτην
565 1647 663 1738 ἀπήει
681 1650 737 1717 καὶΙ
757 1647 836 1730 τοῦς
855 1652 958 1718 ἔνδον
978 1655 1089 1717 ἔλαθε.

114 1757 368 1826 „JXXXVIIIL
404 1759 516 1844 Μέχρι
540 1756 605 1843 μέν
635 1754 676 1844 δή
705 1757 835 1826 τούτων
859 1759 1090 1846 συμφέρονται

70 1864 194 1944 πάντες
221 1867 257 1932 οί
271 1861 445 1951 Ῥωμαίων
474 1878 693 1953 συγγραφεῖς,
722 1865 759 1932 ἐν
791 1863 828 1933 δδ
850 1878 922 1944 τοίς
942 1863 1087 1954 ῦστερον
1101 1886 1128 1928 ιο

72 1973 269 2058 λεγομένοις
293 1969 353 2058 ούχ
375 1968 590 2058 ὁμολογοῦσι.
631 1975 768 2040 Πείσων
786 1971 851 2059 γὰρ
871 1969 889 2039 ὁ
908 1971 1090 2059 τιμητικός,

76 2069 119 2148 οῦ
141 2079 197 2147 καὶ
220 2077 386 2166 πρότερον
415 2077 606 2166 ἐμνήσθην,
633 2076 778 2163 ἀγγελόν
807 2098 913 2166 φησιν
942 2076 1007 2147 ὑπὸ
1030 2081 1091 2166 τῆς

77 2191 242 2274 Ταρπείας
270 2182 500 2270 ἀποσταλῆναι
528 2183 659 2271 νύκτωρ
683 2187 719 2252 ἐκ
746 2187 808 2253 τοῦ
831 2189 958 2272 χωρίου
981 2182 1092 2271 δηλώ-

72 2313 179 2362 σοντα
199 2295 245 2384 τςό
263 2289 421 2381 Ῥωμύλῳ
445 2289 504 2371 τάς
527 2292 710 2376 γενομένας
731 2295 771 2379 πή
794 2290 878 2380 κόρη
901 2289 987 2378 πρὸς
1001 2289 1091 2370 ,τοῦς

73 2404 249 2485 Σαβίνους
271 2395 461 2484 ὁμολογίας,
485 2395 537 2466 ὅτι
560 2399 675 2483 μέλλοι
696 2394 738 2464 τά
761 2395 986 2485 σκεπαστήρια
1003 2394 1085 2486 παρ’
1101 2419 1130 2461 ιο

72 2506 187 2575 αὐτῶν
210 2510 316 2572 αίτείν
335 2501 420 2572 ὁπλα
440 2502 496 2571 διά
514 2506 573 2590 τῆς
592 2502 787 2590 κοινότητος
804 2507 873 2570 τών
893 2499 1087 2590 ὁμολογιῶν

71 2613 393 2700 παρακρουσαμένη,
422 2610 570 2703 δύναμίν
597 2636 632 2678 τε
660 2608 850 2691 ἀξιώσοντα
872 2610 1013 2695 πέμπειν
1037 2610 1090 2678 ἐπὶ

71 2719 111 2788 τὸ
144 2717 312 2807 φρούριον
349 2718 465 2806 ἑτέραν
503 2715 642 2801 νυκτός,
677 2713 722 2796 ὡς
760 2713 849 2808 αύτῷ
883 2714 1090 2805 στρατηλάτη

72 2823 359 2912 παραληψόμενον
389 2822 470 2904 τοῦς
494 2829 675 2911 πολεμίους
697 2821 848 2910 γυμνούς
869 2825 938 2890 τῶν
962 2819 1092 2907 ὅπλων·

147 3051 273 3124 4ιιῦτῆς
289 3056 342 3110 ΑΒ
415 3061 430 3110 5
449 3051 500 3118 τάς
519 3053 551 3110 δὲ
571 3058 646 3117 κλεῖς
664 3049 818 3140 φυλάττειν
838 3053 909 3109 inB
932 3053 977 3109 bis
995 3054 1093 3124 posita

77 3135 111 3184 10
126 3127 176 3182 τοῦ
195 3127 249 3182 del.
265 3125 354 3182 Cobet
364 3126 430 3182 obs.
440 3145 467 3197 p.
478 3132 513 3182 48
570 3133 601 3180 11
620 3129 784 3197 ψευσεσθαι
797 3125 873 3180 idem
886 3125 904 3180 l.
915 3125 933 3180 l.
986 3132 1019 3180 12
1034 3126 1091 3180 τῶν

78 3195 263 3270 ἔχυρωτάτων
290 3199 343 3252 AB
375 3215 443 3253 corr.
470 3196 612 3268 Kiessling
651 3193 702 3252 τόν
730 3191 903 3282 ὀχυρότατον
937 3213 959 3251 ο.
987 3195 1091 3252 Reiske

78 3278 112 3326 15
128 3268 248 3341 ὁωμαῖοι
262 3269 338 3323 ABa
394 3277 426 3324 16
441 3269 585 3324 πίσωνΒα
641 3274 674 3323 18
689 3267 889 3336 δηλωσανταΑ
945 3272 977 3320 19
992 3263 1090 3328 τοῦςΒ

77 3359 131 3397 om.
156 3342 182 3395 R
262 3347 297 3396 20
319 3335 433 3409 παρ’Β
462 3357 516 3396 om.
544 3341 570 3394 R
650 3346 683 3393 21
713 3335 874 3409 ὀνομασιῶν
901 3353 925 3391 ο.
953 3336 1091 3391 Bflcheler

77 3419 112 3469 22
132 3406 293 3478 ἀξιώσαντα
320 3412 395 3466 ABa
475 3418 510 3466 23
534 3407 612 3483 αύτῷ
639 3411 677 3483 τῷ
706 3405 879 3479 στρατηλάτῃ
907 3422 930 3462 ο.
953 3406 1095 3462 Biioheler

79 3491 114 3540 24
132 3481 375 3553 παραληφομένην
395 3499 418 3539 ο.
437 3484 540 3538 Reiske

132 3592 232 3632 D101m.
246 3592 310 3633 Ηευ,
324 3591 344 3631 Ι.
361 3601 400 3631 nn.
415 3591 517 3632 Jmou.
899 3571 933 3620 14
