2454 3916
533 257 696 310 ,Β-

105 413 168 501 την
202 414 308 501 φύσιν
340 418 434 504 ίεροῦ
464 420 652 505 κατασκευῇ
683 412 739 485 καὶ
771 421 909 496 θυσίαις
941 418 1145 504 διετησίοις

106 523 198 602 ἔταξε
221 527 377 609 Κυρῖνον
400 520 691 609 ἐπονομαζόμενον
712 528 940 611 γεραίρεσθαι.
985 529 1033 592 ἔτι
1054 522 1120 613 ’γάρ

105 624 325 713 ἀγνοούντων
366 626 427 697 τὸν
469 626 665 716 ἀφανισμὸν
707 626 812 698 αὐτοῦ
844 629 1016 717 Ῥωμαίων
1056 639 1121 699 είτε

105 733 188 803 κατὰ
221 738 383 822 δαίμονος
418 735 584 822 πρόνοιαν
617 734 676 804 εἴτ’
707 739 741 818 ἐξ
774 737 953 824 ἐπιβουλῆς
984 734 1120 825 ἄνθρω-

104 847 204 928 πίνης
227 843 374 928 ἐγένετο,
395 841 577 930 παρελθών
600 870 651 923 τις
672 849 720 924 είς
741 842 804 931 τὴν
827 841 958 933 άγορόιν
978 842 1147 925 Ἰούλιοςε

106 939 216 1037 όνομα
246 952 314 1017 τῶν
346 946 403 1016 ἀπ’
431 947 610 1018 Ἀσκανίου
638 948 821 1037 γεωργικὸς
852 949 940 1038 ἀνὴρ
972 952 1028 1019 καί
1060 948 1120 1019 τὸν

104 1060 183 1141 βίον
211 1053 447 1143 ἀνεπίληπτος,
472 1051 543 1137 οἷος
570 1057 677 1145 μηδὲν
697 1053 741 1126 άν
764 1057 958 1141 ψεύσασθαι
980 1060 1122 1145 κέρδους

105 1163 204 1230 ἕνεκα
227 1167 369 1249 οἰκείου,
397 1169 462 1251 ἐφη
489 1164 783 1253 παραγιγνόμενος
810 1166 844 1246 ἐξ
871 1162 978 1254 ἀγροῦ
996 1162 1121 1253 Ῥωμύ-

104 1277 167 1337 λον
202 1272 289 1337 ἰδεῖν
321 1267 465 1338 ἀπιόντα
494 1271 529 1339 ἐκ
556 1274 616 1357 της
641 1270 769 1352 πόλεως
802 1277 921 1358 ἔχοντα
950 1269 991 1339 τά
1024 1269 1121 1356 ὅπλα,

103 1375 161 1443 καὶ
189 1373 303 1463 ἐπειδὴ
331 1375 429 1463 ἐγγύς
460 1378 591 1463 ἐγένετο
624 1376 766 1446 ἀκοῦσαι
797 1381 903 1446 ταῦτα
934 1375 1040 1445 αὐτοῦ
1071 1377 1122 1444 λέ·
1136 1406 1163 1446 ιο

104 1505 238 1568 γοντος·
265 1481 417 1569 Ἀγγέλλε
435 1482 610 1572 Ῥωμαίοις
633 1482 754 1553 Ἰούλιε
780 1482 822 1552 τὰ
843 1480 923 1573 παρ’
950 1485 1043 1570 ἐμοῦ,
1068 1480 1119 1550 ὅτι
1138 1487 1160 1550 4

105 1615 146 1676 με
174 1586 192 1658 ὁ
216 1588 328 1676 λαχὼν
362 1588 410 1658 ὅτ’
436 1591 602 1679 ἐγενόμην
635 1595 766 1678 δαίμων
794 1595 842 1670 εἰς
872 1587 977 1670 θεοὺς
1006 1587 1121 1674 ἄγεται

48 1694 173 1766 371τὸν
195 1695 327 1783 θνητὸν
355 1695 614 1786 ἐκπληρώσαντα
647 1700 767 1765 αίῶνα·
799 1696 867 1783 είμλ
895 1695 933 1763 δὲ
960 1702 1121 1785 Κυρῖνος.

104 1801 295 1892 περιλαβὼν
324 1801 362 1870 δὲ
390 1801 523 1871 ἅπασαν
550 1801 613 1891 τὴν
640 1803 716 1893 περὶ
743 1801 784 1872 τά
806 1812 887 1871 θεία
910 1807 1121 1891 νομοθεσίαν

104 1924 252 1999 γραφαῖς
284 1913 408 1978 διεῖλεν
441 1914 488 1989 είς
524 1907 609 1979 ὀκτά
642 1914 777 1999 μοίρας,
810 1908 887 1979 ὅσαι
918 1913 988 1979 τῶν
1020 1911 1120 1999 ίερῶν
1135 1927 1161 1979 1'5

105 2009 194 2104 ἦσαν
217 2020 256 2083 αί
276 2021 468 2103 συμμορίαι.

151 2140 175 2170 >
196 2125 331 2190 LXIHI.
350 2121 513 2190 Ἀπέόωκε
537 2122 574 2190 δὲ
597 2127 678 2211 μίαν
702 2123 764 2211 μὲν
789 2128 984 2212 ίερονργιῶν
1009 2122 1121 2191 διάτα-

107 2232 161 2312 ξιν
191 2242 262 2308 τοῖς
292 2227 473 2318 τριάκοντα
503 2235 704 2317 κουρίωσιν,
737 2226 796 2310 οὓς
832 2236 919 2317 ἐφην
950 2227 991 2298 τὰ
1022 2226 1121 2297 κοινά

105 2336 208 2404 θύειν
239 2333 324 2424 ὑπὲρ
356 2340 424 2404 τῶν
456 2339 631 2424 φρατριῶν
664 2334 745 2423 ίερά.
800 2332 862 2421 την
894 2334 931 2402 δὲ
959 2337 1161 2422 θευπέραν2

105 2458 176 2524 τοῖς
202 2443 424 2531 καλουμένοις
454 2440 520 2511 ὑπὸ
554 2442 615 2530 μὲν
638 2440 810 2530 Ἑλλήνων
838 2440 1120 2530 στεφανηφόροις,
1135 2469 1162 2511 ιο

105 2548 172 2621 ὑπὸ
202 2549 240 2618 δὲ
262 2547 435 2637 Ῥωμαίων
463 2549 650 2638 φλάμοσιν,
683 2546 743 2630 οὓς
775 2550 829 2617 ἐπὶ
859 2548 919 2636 τῆς
945 2547 1121 2637 φορήσεως

47 2661 178 2725 mauu
201 2661 309 2724 πίλων
331 2683 366 2725 τε
388 2657 444 2724 καὶ
462 2656 667 2744 στεμμάτων,
690 2652 712 2723 ἃ
734 2655 790 2724 καὶ
812 2658 878 2724 νῦν
903 2660 950 2724 ἔτι
973 2658 1121 2744 φοροῦσι

106 2763 222 2852 φλάμα
245 2766 437 2849 καλοῦντες,
462 2761 549 2832 οὕτω
567 2763 868 2853 προσαγορεύουσι.
910 2761 972 2849 τὴν
992 2761 1029 2831 δέ
1051 2767 1121 2851 τρί-
1140 2765 1161 2830 3

104 2897 168 2958 την
199 2882 270 2950 τοῖς
301 2867 441 2957 ἡγεμόσι
477 2874 546 2938 τῶν
582 2877 756 2958 κελερίων,
793 2866 853 2951 οὓς
889 2874 976 2957 ἔφην
1013 2872 1123 2949 ίππελς

105 3003 141 3045 τε
171 2977 228 3044 καί
264 2975 383 3058 πεζοὺς
415 2979 701 3065 στρατευομένους
736 2976 889 3065 φύλακας
921 2975 1120 3045 άποόείκνυ-
1135 3005 1161 3046 25

106 3092 190 3152 σθαι
212 3086 281 3160 τῶν
304 3085 487 3169 βασιλέων,
514 3084 571 3151 καὶ
593 3080 657 3172 γάρ
688 3075 783 3153 οὗτοι
804 3086 1005 3171 τεταγμένας
1026 3082 1121 3162 τινὰς

178 3250 194 3299 8
219 3240 336 3298 ενεκενλ
409 3248 442 3297 11
466 3238 566 3312 ἄγγελε
585 3244 631 3300 Bu
709 3251 741 3300 12
766 3239 963 3314 ἐγεινάμηνΑ
1036 3248 1068 3297 13
1087 3238 1119 3296 τὸ

104 3311 216 3384 θνητόν
239 3315 264 3367 Α
342 3319 375 3369 15
399 3311 494 3384 ἱερῶν]
524 3312 624 3401 ἱερέων
647 3315 780 3371 Gelenius
859 3320 891 3370 19
916 3313 1076 3383 φρατριέων
1094 3315 1120 3367 A

106 3385 252 3470 φρατριῶν
270 3385 317 3439 Bb
390 3391 424 3440 20
444 3403 532 3471 στεφη
557 3381 677 3467 όροιςΟ
751 3393 784 3442 22
803 3387 860 3440 τῶν
878 3385 1006 3439 πιλωτῶν
1023 3384 1049 3437 Β,
1070 3402 1120 3436 πι-

105 3457 142 3510 λώ
165 3456 233 3529 ν>..
253 3457 275 3509 Β
348 3462 382 3511 23
402 3451 516 3526 φλάμεα
534 3405 661 3528 {caliget
675 3457 773 3515 Cuuu.¹
765 3476 795 3512 m
808 3457 881 3512 Fest.
897 3474 918 3512 ε.
933 3472 959 3510 v.
978 3453 1120 3524 apiculum

106 3529 136 3583 et
177 3531 255 3584 ortus
274 3523 413 3598 φιλάμινα
433 3527 576 3582 Turnebus
