2454 3916
137 205 203 271 344
561 208 727 258 -Γ-

138 363 246 435 οὐδὲν
270 363 492 451 ἀπεκρίναντο
515 363 599 451 πρὸς
620 362 700 444 τούς
722 366 891 453 πρέσβεις,
909 369 1007 454 κοινῇ
1032 365 1071 434 δὲ
1093 370 1160 435 τοῦ

137 477 267 553 έθνους
289 470 417 561 ἀγοράν
437 475 474 541 ἐν
496 476 685 564 Φερεντίνῳ
704 471 926 560 ποιησάμενοι
949 479 1158 560 ψηφίζονται

138 577 183 668 μὴ
224 595 436 668 παραχωρεῖν
473 578 648 668 Ῥωμαίοις
688 583 747 666 τῆς
792 576 897 667 ἀρχῆς
935 580 992 647 καὶ
1034 577 1158 649 αὐτίκα

137 690 313 774 αἱροῦνται
344 686 407 755 δύο
440 684 645 775 στρατηγούς
675 683 923 773 αὐτοκράτορας
952 685 1091 774 είρήνης
1121 714 1154 756 τε

109 794 193 862 ικαὶ
224 796 388 881 πολέμου,
411 792 535 880 ’Ἀγκον
568 797 780 861 Πουπλίκιον
812 795 849 861 ἐκ
879 792 1009 873 πόλεως
1037 793 1156 882 Κόρας

96 900 192 968 4καὶ
216 899 393 969 Σπούσιον
422 897 599 968 Οὐεκίλιον
630 902 666 967 ἐκ
693 904 893 968 Λαουϊνίου.
942 898 1000 968 διά
1032 900 1155 980 ταύτας

137 1005 199 1092 μέν
231 1004 272 1092 δὴ
301 1003 359 1084 τὰς
391 1009 498 1084 αίτίας
530 1007 673 1092 συνέστη
697 1004 872 1093 Ῥωμαίοις
904 1003 922 1074 ὁ
950 1005 1036 1093 πρὸς
1069 1005 1203 1087 τούςῖῖῖ

137 1109 317 1199 ὁμοεθνεῖς
338 1111 498 1198 πόλεμος,
526 1109 659 1199 προύβη
689 1112 726 1181 δὲ
753 1110 831 1201 ἀχρι
853 1117 1054 1194 πενταετοῦς
1076 1113 1155 1204 χρό-

138 1245 203 1286 νον
225 1217 396 1298 πολιτικός
418 1245 469 1298 τις
490 1218 673 1307 γενόμενος
696 1220 751 1287 καλ
775 1217 941 1307 ἀρχαϊκός.
988 1217 1066 1288 ούτε
1089 1219 1155 1308 γάρ

97 1352 124 1394 ιο
138 1327 174 1393 έκ
196 1323 409 1413 παρατάξεως
428 1322 523 1405 ὁλοις
545 1340 616 1406 τοῖς
635 1325 857 1414 στρατεύμασι
878 1325 963 1413 πρὸς
984 1325 1048 1396 ὁλα
1071 1346 1157 1414 συμ

136 1431 301 1519 βάλλουσι
338 1431 464 1519 μεγάλη
506 1430 664 1520 συμφορά
703 1433 760 1500 καλ
802 1433 936 1520 φθόρος
972 1431 1158 1524 ὁλοσχερὴς

138 1541 264 1626 συνέβη
299 1537 376 1607 ούτε
407 1537 504 1618 πόλις
541 1536 653 1607 αὐτῶν
687 1536 828 1626 οὐδεμία
863 1540 996 1631 πολέμῳ
1033 1567 1157 1629 κρατη-

113 1655 238 1728 θεῖσα
269 1649 485 1732 κατασκαφῆς
513 1643 534 1732 ἢ
566 1643 845 1732 ἀνδραποδισμοῦ
874 1641 895 1733 ἢ
929 1643 1032 1733 ἀλλης
1060 1645 1158 1728 τινὸς

137 1751 325 1838 ἀνηκέστου
351 1755 528 1840 συμφοράς
561 1752 737 1840 ἐπειράθη·
769 1750 842 1820 ἀλλ’
873 1752 1075 1840 ἐμβαλόντες
1109 1759 1159 1834 είς

100 1882 124 1924 15
138 1856 200 1944 τὴν
225 1855 380 1944 ἀλλήλων
403 1860 468 1945 γῆν
492 1855 557 1926 ὁπὸ
576 1857 638 1945 τὴν
662 1856 771 1946 ἀκμην
789 1863 852 1928 τοῦ
874 1865 971 1928 σίτου
992 1861 1049 1927 καὶ
1073 1885 1158 1949 προ-

139 1964 365 2052 νομεύσαντες
401 1963 532 2052 ἀπῆγον
569 1963 619 2034 ἐπ’
651 1973 747 2034 οίκον
782 1963 841 2046 τάς
882 1965 1045 2054 δυνάμεις
1083 1971 1158 2035 δια·

99 2087 120 2153 5
140 2069 335 2159 μειβόμενοι
357 2069 436 2151 τοὺς
460 2070 697 2168 αίχμαλοότους.
743 2076 824 2158 μίαν
848 2071 887 2140 δέ
908 2070 1071 2141 πόλιν.έκ
1093 2077 1158 2142 τού

138 2182 297 2245 Λατίνων
322 2181 447 2258 ἔθνους
465 2181 664 2246 Μεδυλλίαν
687 2184 889 2266 παλαίτερον
913 2183 961 2246 ἔτι
978 2175 1158 2266 Ῥωμαίων

139 2281 296 2353 ἀποικίαν
323 2286 512 2372 γενομένην
542 2285 594 2353 ἐπὶ
622 2289 682 2371 τῆς
703 2282 877 2371 Ῥωμύλου
899 2283 1019 2374 ἀρχῆς,
1047 2283 1096 2367 ὡς
1118 2289 1158 2356 ἐν

98 2415 124 2456 εο
138 2396 183 2483 τῷ
212 2389 277 2479 πρὸ
305 2390 429 2460 τούτου
456 2390 630 2477 δεδήλωκα
658 2391 763 2482 λόγῳ,
791 2393 1023 2479 μεταθεμένην
1052 2385 1159 2474 αὖθις

139 2497 185 2579 ὡς
207 2497 287 2578 τούς
314 2496 493 2585 ὁμοεθνεῖς
519 2502 695 2589 πολιορκία
717 2498 1017 2586 παραστησάμενος
1044 2495 1062 2567 ὁ
1087 2503 1157 2568 τόν

133 2603 307 2694 Ῥωμαίων
347 2602 505 2691 βασιλεὺς
545 2610 655 2673 ἔπεισε
696 2605 807 2693 μηθὲν
849 2610 896 2674 ἔτι
933 2611 1157 2692 νεωτερίζειν·

139 2709 221 2779 ἀλλο
247 2708 277 2778 δ’
305 2708 411 2779 ούθὲν
440 2702 489 2781 οὸν
518 2714 552 2779 ολ
572 2711 713 2799 πόλεμοι
736 2714 879 2800 φέρουσι
908 2715 1032 2781 δεινῶν
1059 2711 1157 2780 οὐδε-

138 2818 247 2905 τέροις
276 2820 313 2886 ἐν
340 2845 385 2909 τω
411 2815 487 2886 τότε
514 2821 640 2905 συνέβη
668 2818 790 2906 χρόνω.
839 2818 1010 2906 τοιγάρτοι
1034 2819 1207 2910 ῥάδιαί514

98 2952 125 2995 ιι
138 2950 174 2993 τε
201 2924 256 2991 καὶ
288 2885 435 2992 ούδένέ
420 2928 558 3010 ἔγκοτον
589 2929 725 3011 ἔχουσαι
754 2926 1052 3012 προθυμηθέντων
1076 2923 1157 2994 Ῥω-

140 3058 186 3118 μα
166 3036 251 3099 αίων
275 3033 312 3097 αί
334 3028 504 3109 διαλύσεις
527 3032 801 3117 ἐπετελέσθησαν

212 3196 226 3244 1
255 3184 443 3276 ἀπεκρίνοντο
471 3190 497 3243 Α
604 3197 619 3243 2
648 3193 786 3273 φερεντίῳ
816 3190 838 3245 O
869 3191 982 3276 praeter
1004 3191 1027 3244 Β
1123 3198 1155 3246 11

139 3256 188 3316 ὁλ.
200 3279 231 3316 σ.
244 3260 351 3333 ..χ<ε>
363 3256 454 3330 ρήςΒ
534 3267 565 3315 12
585 3255 662 3315 αύτῶ
682 3263 707 3314 Α
780 3267 813 3314 14
838 3256 1007 3346 ἒμβάλοντες
1027 3261 1078 3316 Aa,
1107 3258 1157 3332 έμ-

140 3330 289 3404 βάλλοντες
312 3333 412 3389 AbBa
490 3335 522 3386 16
542 3334 621 3386 οἴκου
639 3334 687 3388 Aa
763 3338 797 3387 18
816 3327 970 3422 μεδύλλιαν
988 3333 1033 3388 Ba
1052 3283 1156 3404 μεδύλ-

138 3407 218 3458 λειαν
237 3403 315 3459 BbR
391 3409 425 3457 23
449 3397 529 3457 ἀλλοι
550 3398 612 3457 ἀλλ’
633 3398 723 3472 ΑΙδ’
744 3421 798 3458 om
821 3403 917 3456 ΑΒ
947 3409 981 3460 25
1004 3407 1156 3474 προθυμη-

138 3471 251 3530 θέντων
268 3474 292 3528 Β
310 3476 474 3546 προθυμίαν
492 3474 550 3529 τόν
567 3475 593 3529 R

194 3672 251 3686 A·-
