2454 3916
549 222 716 272 ..Γ-

128 377 186 441 δια
213 375 269 442 καὶ
296 379 410 461 φαῦλα
441 389 513 456 ταῖς
544 377 714 462 ἐργασίαις
746 374 828 445 ὅντα
854 382 986 465 πρώτος
1012 376 1146 470 ᾠκοδο-

127 480 254 568 μήσατο
283 487 396 561 λίθοις
422 480 610 569 ἁμαξιαίοις
636 485 869 570 εἰργασμένοις
895 483 979 571 πρὸς
1000 486 1145 554 κανόνα.

87 585 249 674 δήρξατο
278 587 316 657 δὲ
343 590 399 656 καλ
420 587 480 668 τὰς
501 587 697 676 ὑπονόμους
726 588 878 677 ὀρύττειν
901 591 1067 679 τάφρους,
1094 590 1142 660 δι’

129 686 178 763 τόν
207 696 260 762 ἐπὶ
291 694 352 765 τόν
384 698 522 784 Τέβεριν
554 694 740 783 ὀχετεύεται
769 700 838 764 πᾶν
864 694 902 766 τὸ
931 699 1077 786 συρρέον
1107 700 1145 766 ἐκ

100 804 197 869 ετών
229 806 409 871 στενωπῶν
441 799 551 890 ὑδωρ,
583 807 663 890 έργα
696 801 875 889 θαυμαστά
910 805 967 871 καὶ
1002 808 1143 888 κρείττω

126 906 232 993 λόγου
262 908 603 996 κατασκευασάμενος.
657 907 755 996 ἔγωγ’
786 902 848 977 οὑν
882 912 919 978 ἐν
950 910 1040 996 τρισὶ
1071 925 1145 989 τοῖς

127 1014 488 1101 μεγαλοπρεπεστάτοις
518 1015 808 1103 κατασκευάσμασι
844 1020 904 1103 τής
929 1013 1075 1102 Ῥώμης,
1110 1019 1144 1098 έξ

128 1110 177 1187 ών
210 1118 353 1206 μάλιστα
388 1119 426 1188 τὸ
457 1124 516 1207 τής
547 1119 728 1208 ἡγεμονίας
759 1125 954 1210 ἐμφαίνεται
986 1123 1145 1209 μέγεθος,

127 1223 186 1303 τάς
207 1231 244 1292 τδ
264 1229 333 1293 τών
351 1222 486 1294 ὑδάτων
505 1223 638 1312 άγωγὰς
658 1234 793 1315 τίθεμαι
811 1229 867 1296 καλ
885 1226 943 1308 τάς
960 1232 1029 1296 τών
1049 1225 1144 1296 ὀδών

89 1356 117 1396 ιο
131 1330 290 1418 στρώσεις
315 1333 370 1400 καὶ
397 1331 457 1412 τάς
483 1336 552 1400 τών
574 1330 759 1420 ὑπονόμων
788 1335 945 1421 ἐργασίας
968 1332 1010 1402 οὐ
1032 1335 1144 1422 μόνον

128 1442 176 1517 είς
202 1436 239 1506 τὸ
268 1437 434 1527 χρήσιμον
465 1442 524 1526 τής
550 1443 754 1526 κατασκευῆς
781 1439 844 1527 τήν
875 1438 1033 1508 διάνοιαν
1060 1438 1145 1508 άνα-

127 1546 259 1630 φέρων,
286 1542 371 1633 ὑπὲρ
396 1537 438 1614 οὑ
463 1543 546 1615 κατά
568 1545 629 1615 τόν
659 1551 783 1614 οίκεῑον
806 1545 926 1634 καιρὸν
949 1548 1030 1635 ἐρῶ,
1057 1545 1146 1615 άλλδι

127 1651 184 1718 καὶ
207 1655 255 1730 είς
277 1649 339 1736 τήν
357 1654 426 1720 τών
449 1649 679 1739 ἀναλωμάτων
698 1654 927 1737 πολυτέλειαν,
949 1648 993 1739 ἣν
1012 1653 1046 1733 ἐξ
1067 1651 1147 1732 ἑνὸς

129 1762 231 1843 ἔργον
254 1754 442 1845 τεκμήραιτ’
467 1756 511 1825 άν
533 1785 583 1838 τις
601 1757 707 1826 Γάιον
728 1755 893 1826 Ἀκίλλιον
915 1757 1148 1845 ποιησάμενος

89 1887 116 1929 ιε
129 1868 191 1931 τοῦ
224 1866 404 1950 μέλλοντος
435 1865 594 1949 λέγεσθαι
626 1863 829 1951 βεβαιωτήν,
862 1862 900 1944 ὅς
926 1883 1032 1952 φησιν
1060 1864 1199 1953 &pe-582

128 1973 301 2056 ληθεισῶν
332 1993 412 2037 ποτε
442 1973 511 2038 τών
542 1970 682 2057 τάφρων
711 1971 767 2038 καὶ
799 1973 914 2058 μηκέτι
947 1975 1146 2060 διαρρεομέ-

128 2102 201 2144 νων
227 2074 306 2154 τοὺς
332 2072 470 2162 τιμητὰς
495 2073 558 2162 τήν
587 2074 823 2164 ἀνακάθαρσιν
850 2075 962 2146 αὐτῶν
994 2077 1050 2145 καὶ
1081 2077 1146 2165 τήν

129 2181 307 2270 ἐπισκευήν
331 2187 447 2270 χιλίων
471 2186 642 2268 μισθῶσαι
664 2181 847 2252 ταλάντων.

217 2290 367 2357 LXVIII.
399 2290 629 2358 Κατεσκεύασε
657 2290 696 2358 δὲ
722 2290 777 2357 καὶ
805 2285 865 2358 τόν
893 2291 1051 2377 μέγιστον
1075 2295 1146 2359 τών

89 2419 118 2460 ω
131 2396 352 2483 ἱπποδρόμων
379 2395 566 2483 Ταρκύνιος
587 2397 648 2465 τὸν
671 2395 792 2484 μεταξὺ
813 2400 875 2464 τοὺ
897 2423 933 2466 τε
951 2395 1146 2466 Αὐεντίνου

128 2503 184 2570 καὶ
220 2506 281 2570 τοῦ
318 2507 534 2571 Παλλαντίου
574 2508 730 2590 κείμενον
770 2506 900 2589 πρώτος
935 2500 1146 2589 ὑποστέγους

128 2608 272 2695 ποιήσας
307 2608 382 2695 περὶ
419 2605 524 2676 αὑτὸν
560 2610 731 2696 καθέδρας
771 2609 866 2698 (τέως
902 2607 967 2697 γάρ
1005 2609 1146 2689 ἑστῶτες

130 2714 319 2804 ἐθεώρουν)
336 2713 385 2782 ἐπ’
406 2719 535 2802 ἰκρίοις,
555 2718 666 2783 δοκῶν
685 2718 835 2796 ξυλίναις
854 2729 993 2802 σκηναῖς
1011 2712 1146 2784 ὑποκει-

203 2917 216 2963 1
246 2903 448 2995 ᾠκοδομήσατο
476 2910 613 2965 Bficheler
650 2905 851 3049 έδο<μήργατο
878 2910 901 2963 Β
938 2905 1021 2964 έδοκί
1060 2927 1091 2966 σε
1119 2912 1147 2966 R

129 2976 488 3051 6καταοκευασόμενοςο.
507 2980 611 3036 Reiske
627 2983 632 3049 Ι
649 2978 680 3035 έν
698 2998 752 3035 τισι
818 2998 873 3035 τισι
890 2979 937 3036 vel
955 2998 1017 3050 τρισ
1046 2980 1147 3036 delen-

119 3053 198 3107 dum
216 3065 275 3105 esse
278 3068 368 3136 susp.
387 3051 530 3121 Kiessling
590 3051 748 3137 ὃμέγεθρς
766 3053 789 3105 Β
808 3049 982 3121 μέγιστονῖλ
1040 3049 1147 3114 9τοὺς

130 3117 355 3249 immet&
374 3123 608 3248 Βεὺθῖὑὴτῗάλιάτίον
622 3128 669 3246 gg
696 3117 902 3261 αὖὺὑτίήιῖιάοιῗ
912 3123 1146 3279 ΙΙὺυίάήίάίὲΒξ

130 3263 228 3334 ίκρίων
243 3265 268 3318 A
283 3267 287 3332 Ι
304 3265 397 3320 δοκῶν
411 3264 434 3317 Β
448 3261 578 3318 δονάκων
592 3264 630 3330 A;
649 3263 768 3318 fortasse
788 3260 1146 3329 ίκρίων-δωδεκαπόδων

130 3334 308 3391 scribendum
335 3353 395 3390 esse
419 3351 492 3403 susp.
517 3334 545 3388 0.
570 3305 971 3420 Pet’erPhilol.xxxl1p1
996 3340 1064 3404 572,
1087 3353 1146 3404 quo

130 3410 244 3492 auctqre
267 3407 355 3532 vgrba
377 3405 537 3476 interpunxi
554 3399 588 3473 Ι
574 3405 772 3475 υποκειμένων
797 3407 898 3461 Portus
925 3407 962 3460 eh-
941 3353 1064 3461 pPeter
1084 3402 1147 3462 ἐπι-

129 3475 267 3548 κειμένων
