2454 3916
499 250 532 260 -
571 224 666 274 Γ-
1024 221 1090 287 343

73 407 131 450 νοι
153 381 353 466 βιασθέντες
373 375 440 448 ὑπὸ
467 383 528 448 τοῦ
546 375 719 468 Ῥωμαίων
744 383 881 449 ἱππικοῦ
903 382 1090 473 καὶ-πολὺς

74 487 189 556 αὐτῶν
217 493 345 573 γίνεται
373 485 480 573 φόνος
512 488 550 554 έν
580 491 620 576 τῇ
648 491 755 576 φυγή,
778 485 936 575 Ῥωμαῖοι
969 487 1006 556 δὲ
1036 516 1089 557 νε-

71 592 177 683 κρούς
208 619 243 661 τε
275 596 343 661 τῶν
375 598 545 679 πολεμίων
579 592 821 673 σκυλεύσαντες
851 595 907 663 καὶ
937 595 1090 682 χρήματα

78 698 139 768 όσα
162 691 205 785 ήν
229 700 267 767 έν
289 701 337 791 τῷ
359 697 478 787 χάρακι
497 698 742 785 διαρπάσαντες
764 704 823 786 τῆς
845 726 880 768 τε
898 699 1009 790 χοόρας
1026 701 1089 789 τήν

76 811 255 892 κρατίστην
284 804 546 892 λεηλατήσαντες
576 804 726 895 ἀπήισαν
756 805 806 874 ἐπ’
836 815 941 876 οίκου.
989 811 1117 876 τοῦτοε

75 911 114 980 τὸ
140 915 233 992 τέλος
262 916 381 998 ἔλαβεν
409 909 427 980 ὁ
452 911 581 1000 συμβὰς
605 910 779 1000 Ῥωμαίοις
805 911 889 1000 πρὸς
915 920 1089 1002 Σαβίνους
1182 954 1185 961 ·

74 1017 219 1107 πόλεμος
242 1018 295 1085 έπὶ
317 1022 376 1105 τής
403 1017 535 1087 Τύλλου
557 1017 669 1107 ἀρχῆς.

164 1127 332 1192 ΧΧΧΙΠΙ.
365 1127 414 1192 Ac
439 1123 477 1192 δέ
503 1129 571 1194 τῶν
595 1132 753 1195 Λατίνων
783 1127 897 1208 πόλεις
915 1125 1090 1217 Ῥωμαίοις

75 1233 232 1318 ἐγένοντο
263 1230 422 1320 διάφοροι
449 1230 524 1300 τότε
550 1237 700 1320 πρῶτον,
730 1232 791 1302 οὐκ
818 1233 973 1317 ἀξιοῦσαι
995 1262 1089 1305 κατε-

75 1341 268 1425 σκαμμένης
288 1341 348 1426 τής
366 1336 539 1424 Ἀλβανῶν
558 1337 686 1419 πόλεως
704 1348 774 1419 τοῖς
797 1338 1004 1429 ἀνῃρηκόσιν
1028 1340 1087 1410 αὐ·
1102 1366 1129 1408 ιο

73 1444 137 1531 τήν
157 1443 332 1533 Ῥωμαίοις
354 1443 416 1533 τήν
438 1444 622 1532 ἡγεμονίαν
645 1445 880 1534 παραδιδόναι.
922 1449 1006 1516 έτῶν
1024 1445 1088 1536 γὰρ

74 1554 326 1640 διαγενομένων
353 1556 589 1621 πεντεκαίδεκα
617 1549 698 1638 μετὰ
723 1549 784 1620 τὸν
813 1550 1007 1640 ἀφανισμὸν
1030 1559 1090 1642 τῆς

63 1655 190 1743 ’Ἀλβας
217 1663 395 1744 πρεσβείας
426 1655 624 1738 ἀποστείλας
655 1654 673 1725 ὁ
701 1661 770 1726 τῶν
792 1655 967 1747 Ῥωμαίων
994 1665 1089 1746 βασι-

73 1761 152 1843 λεὺς
179 1769 227 1844 είς
253 1762 313 1843 τὰς
339 1761 500 1844 ἀποίκους
526 1791 561 1832 τε
591 1766 647 1832 καλ
674 1761 846 1852 ὑπηκόους
872 1764 975 1853 αὐτῆς
996 1766 1089 1855 τριά-

72 1896 178 1938 κοντα
208 1870 323 1950 πόλεις
358 1868 455 1957 ἠξίου
491 1875 674 1940 πείθεσθαι
709 1886 780 1952 τοῖς
815 1869 881 1940 ὑπὸ
914 1869 1088 1961 Ῥωμαίων
1103 1897 1129 1940 ιι

22 1978 362 2064 512έπιταττομέυοις,
396 1973 440 2057 ὡς
475 1977 733 2065 παρειληφότων
770 1975 883 2047 αὐτῶν
919 1977 988 2068 ἅμα
1019 1995 1090 2061 τοϊς

73 2083 192 2164 ἀλλοις
211 2078 261 2164 οἷς
284 2081 376 2172 εἶχον
396 2081 552 2170 Ἀλβανολ
569 2086 625 2154 καὶ
647 2084 709 2172 τήν
732 2083 918 2174 ἡγεμονίαν
940 2092 1001 2156 τοῦ
1019 2094 1089 2156 Λα-

72 2196 179 2260 τίνων
202 2195 339 2278 έθνους,
364 2190 427 2259 δύο
452 2190 514 2279 μὲν
536 2188 738 2277 ἀποφαίνων
760 2191 906 2280 τρόπους
927 2193 1089 2280 κτήσεων,

72 2295 154 2366 καθ’
182 2293 242 2377 οὓς
270 2295 448 2383 ἀνθρωττοι
475 2303 629 2384 γίνονται
655 2300 723 2365 τῶν
752 2295 938 2386 ἀλλοτρίων
965 2299 1089 2388 κύριοι,

72 2404 136 2472 τόν
159 2430 194 2473 τε
217 2402 402 2492 ἀναγκαῖον
420 2405 476 2473 καλ
499 2402 560 2472 τὸν
584 2403 751 2490 έκοόσιου,
769 2401 953 2491 Ῥωμαίους
976 2405 1014 2474 δέ
1037 2408 1088 2475 λε’-
1103 2429 1129 2471 ιο

72 2537 145 2598 γων
177 2509 257 2578 καθ’
293 2510 451 2598 ἑκάτερου
487 2508 547 2579 τὸν
584 2509 712 2599 τρόπον
747 2511 990 2598 παρειληφέναι
1026 2511 1088 2599 τήν

73 2613 260 2704 ἡγεμονίαν
288 2607 337 2685 ὦν
364 2615 456 2704 εἶχον
482 2615 639 2704 Ἀλβανοὶ
666 2615 808 2686 πόλεων.
857 2623 1026 2705 πολεμίων
1053 2617 1128 2687 τε2

74 2723 139 2811 γὰρ
164 2721 276 2792 αὐτῶν
300 2744 397 2812 σφισι
416 2724 611 2811 γενομένων
629 2735 700 2801 τοῖς
719 2720 834 2801 ὅπλοις
851 2726 1089 2811 κεκρατηκέναι

73 2831 131 2898 καὶ
162 2828 225 2917 τήν
257 2829 358 2900 πόλιν
394 2829 456 2918 τὴν
489 2830 618 2898 ἑαυτῶν
651 2826 879 2898 ἀπολωλεκόσι
910 2834 970 2918 τῆς
1001 2837 1089 2914 ίδίας

74 2934 191 3016 αὐτοῖς
222 2939 500 3024 μεταδεδωκέναι·
538 2934 622 3004 ὥστε
654 2937 711 3004 καλ
742 2933 886 3006 ἄκουσιν
915 2935 1089 3026 Ἀλβανοῖς
1103 2960 1129 3002 2⁵

73 3043 131 3110 καὶ
163 3045 278 3112 ἑκοῦσι
308 3043 490 3132 προσήκειν
523 3042 694 3125 έξεστάναι
721 3040 896 3131 Ῥωμαίοις
930 3049 989 3133 τής
1019 3049 1087 3115 τῶν

74 3149 234 3237 ὑπηκόων
258 3148 369 3240 ἀρχῆς.
411 3153 449 3219 αί
470 3150 508 3219 δὲ
530 3154 598 3219 τῶν
616 3156 776 3219 Λατίνων
800 3151 914 3232 πόλεις
932 3156 1003 3243 ίδία
1026 3151 1088 3240 μὲν
1108 3157 1128 3223 3

147 3353 163 3402 6
183 3348 309 3431 σαβίνοις
327 3346 374 3400 Ba
445 3353 461 3402 9
480 3341 617 3415 διαφοροι
634 3345 698 3403 τότε
717 3347 829 3416 πρῶτον
849 3347 872 3400 Β
890 3343 953 3401 τότε
973 3364 1002 3401 π.
1022 3347 1047 3400 δ.
1063 3347 1089 3402 R

76 3424 109 3472 11
128 3412 359 3504 παραδιδόναιΒ
378 3417 560 3486 παραδουναι
573 3419 599 3472 R
667 3424 700 3473 13
715 3417 900 3504 πρεσβείαςΒ
918 3413 1049 3504 πρέσβεις
1062 3419 1088 3472 R

75 3495 109 3543 17
129 3481 179 3551 οδς
197 3488 223 3541 Α
295 3495 329 3544 23
348 3489 428 3558 σφίσι
446 3488 468 3541 Β
488 3490 582 3545 om.R
636 3496 670 3544 26
689 3484 884 3558 προσήκεινΒ
907 3491 1087 3558 προοηκειΒ
