2454 3916
67 216 132 280 2.
494 205 703 268 -A-⁴

67 373 230 462 σθήσεται
258 387 329 455 τοῖς
356 373 507 461 σάμασιν
534 371 646 442 αὐτῶν
673 371 739 441 ὑπὸ
769 377 829 441 τοῦ
852 372 994 460 χρόνου,
1026 371 1082 438 καὶ

66 481 203 550 πάντων
226 480 369 569 μάλιστα
391 479 470 561 τούς
493 479 752 568 ἀναγράφοντας
776 483 939 567 ἱστορίας,
968 480 1005 546 ἐν
1029 472 1082 557 αἷς

65 592 297 674 καθιδρῦσθαι
328 585 390 674 την
423 585 589 674 ἀλήθειαν
619 586 765 677 [πάντες]
797 584 1081 672 ὑπολαμβάνομεν

66 692 174 784 ἀρχὴν
197 693 395 783 φρονήσεως
420 719 455 762 τε
483 695 539 762 καὶ
563 700 685 780 σοφίας
708 686 831 780 οὖσαν,
860 695 994 778 πρῶτον
1018 691 1080 778 μὲν

39 798 246 881 σύποθέσεις
267 808 504 887 προαιρεῖσθαι
528 798 631 881 καλάς
656 800 713 867 καὶ
743 808 1002 890 μεγαλοπρεπεῖς
1024 799 1081 866 καὶ
1100 807 1117 855 3

64 907 194 994 πολλὴν
235 906 399 993 ὠφέλειαν
446 919 516 986 τοῖς
561 904 856 993 ἀναγνωσομένοις
900 906 1080 993 φερούσας,

66 1019 176 1081 ἔπειτα
221 1013 532 1101 παρασκευάζεσθαι
578 1012 635 1092 τὰς
681 1015 888 1099 ἐπιτηδείους
929 1017 976 1092 είς
1016 1011 1080 1098 την

65 1118 268 1207 άναγραφίην
290 1123 348 1205 τῆς
371 1117 565 1199 ὑποθέσεως
583 1116 736 1206 ἀφορμάς
759 1117 840 1206 μετὰ
863 1123 988 1205 πολλῆς
1012 1120 1080 1185 ε’πι-

25 1220 46 1284 3
65 1233 197 1313 μελείας
218 1252 254 1294 τε
276 1226 332 1294 καὶ
355 1231 563 1312 φιλοπονίας.
609 1228 644 1293 οί
665 1225 726 1312 μὲν
749 1223 814 1311 γάρ
837 1223 920 1315 ὑπὲρ
945 1224 1080 1305 ἀδόξων

25 1351 51 1391 1⁰
64 1333 268 1421 πραγμάτων
301 1329 322 1419 ἢ
355 1335 514 1419 πονηρῶν
546 1328 567 1419 ἢ
599 1335 763 1419 μηδεμιᾶς
797 1335 946 1418 σπουδῆς
977 1329 1081 1412 ἀξίων

65 1438 234 1525 ἱστορικὰς
256 1438 523 1526 καταβαλόμενοι
549 1444 789 1525 πραγματείας,
819 1448 883 1506 εἴτε
910 1442 972 1506 τού
999 1462 1081 1525 προ-

64 1552 179 1613 ελθεῖν
220 1550 268 1637 είς
304 1549 433 1630 γνῶσιν
471 1543 667 1633 ὀρεγόμενοι
703 1545 759 1612 καὶ
794 1559 907 1632 τυχεῖν
944 1542 1079 1614 ὁποιου·

65 1650 188 1738 δήποτε
216 1640 395 1738 όύόματος,
429 1659 493 1719 εἴτε
520 1657 719 1740 περιουσίαν
749 1649 992 1732 ἀποδείξασθαι
1019 1656 1079 1738 τῆς

63 1757 139 1846 περὶ
162 1756 284 1843 λόγους
307 1757 482 1844 δυνάμεως
501 1757 718 1845 βουλόμενοι,
743 1757 819 1827 ούτε
842 1761 902 1846 της
923 1757 1081 1844 γνύσεως

23 1880 49 1921 15
65 1867 243 1951 ζηλοῦνται
260 1863 350 1952 παρά
368 1878 438 1944 τοῖς
454 1866 721 1951 ἐπιγιγνομένοις
735 1863 813 1933 ούτε
831 1869 889 1951 τῆς
904 1864 1080 1952 δυνάμεως

64 1973 297 2056 ἐπαινοῦνται,
348 1970 449 2052 δόξαν
495 1970 767 2056 ἐγκαταλιπόντες
814 1985 886 2052 τοῖς
930 1970 1078 2058 ἀναλαμ-

62 2077 229 2163 βάνουσιν
253 2075 366 2145 αὐτῶν
388 2075 447 2157 τὰς
466 2079 625 2163 ίστορίας,
645 2075 697 2146 ότι
714 2078 889 2158 τοιούτους
908 2077 1078 2164 ἐζήλωσαν

63 2181 160 2251 αύτολ
183 2189 289 2274 βίηυς,
313 2186 386 2262 οἵας
408 2185 573 2264 ἐξέδωκαν
591 2182 650 2264 τάς
673 2183 817 2272 γραφάς·
842 2188 992 2263 ἐπιεικῶς
1011 2183 1077 2269 γὰρ

62 2287 205 2369 άπαντες
227 2296 421 2377 νομίζουσιν
445 2289 578 2369 εἰκόνας
605 2287 692 2358 εἶναι
714 2295 772 2377 τῆς
805 2290 946 2359 ἑκάστου
969 2293 1078 2376 ψυχῆς

22 2396 141 2495 20τοὺς
164 2396 294 2484 λόγους.
336 2399 371 2465 οί
392 2397 429 2465 δέ
452 2397 718 2485 προαιρούμενοι
740 2397 802 2485 μὲν
825 2395 883 2477 τὰς
901 2401 1078 2485 κρατίστας

22 2455 255 2590 20ὑποθέσεις,
283 2507 355 2590 είκη
384 2503 422 2571 δέ
449 2504 504 2572 καὶ
537 2503 700 2594 ῥαθύμως
727 2500 830 2584 αύτάς
864 2505 1078 2581 συντιθέντες

63 2613 98 2678 ἐκ
125 2635 193 2679 των
221 2609 446 2697 ἐπιτυχόντων
474 2608 711 2698 άκουσμάτων,
746 2608 871 2678 οὐδένα
902 2608 986 2696 ὑπὲρ
1019 2613 1115 2695 της4

62 2717 285 2802 προαιρέσεως
322 2721 461 2784 ἐπαινον
497 2722 707 2804 κομίζονται·
740 2712 782 2783 ού
817 2714 880 2802 γὰρ
917 2715 1077 2802 άξιούμεν

62 2819 299 2908 αὐτοσχεδίους
319 2820 399 2890 ούδέ
418 2821 596 2912 ῥαθύμους
614 2819 756 2889 εἶναι
721 2848 780 2901 τας
798 2828 877 2908 περί
892 2848 926 2891 τε
944 2821 1076 2889 πόλεων

21 2951 47 2991 25
62 2927 210 3009 ἐνδόξων
237 2929 292 2996 καὶ
325 2925 461 3014 άνδρῶν
490 2931 527 2996 ἐν
561 2932 740 3018 δυναστείᾳ
771 2929 961 3016 γεγονότων
993 2926 1073 2995 άνα-

22 3032 279 3122 ὃγραφομένας.
308 3037 464 3122 ἱστορίας.
518 3039 623 3104 ταῦτα
660 3033 702 3121 δη
734 3040 875 3123 νομίσας
910 3034 1076 3119 άναγκαῖα

133 3268 274 3335 3καθιδρ
276 3262 366 3321 ύσθαι
384 3266 437 3320 AB
457 3268 461 3325 Ι
482 3262 588 3328 πάντες
607 3267 703 3322 omB
794 3272 827 3321 10
851 3261 888 3336 μὴ
912 3261 944 3318 δε
964 3264 1056 3350 μιᾶς
1050 3265 1076 3318 Α

62 3343 95 3391 11
115 3287 342 3426 καταβαλόμενοι
361 3337 402 3392 Bb
443 3333 687 3408 καταβαλλόμενοι
705 3338 772 3392 ΑΒο
859 3340 891 3391 15
916 3331 993 3403 παρὰ
1018 3335 1075 3388 τῶν

62 3405 309 3479 ἐπιγινομένωνο.
330 3407 488 3496 Stephanus
568 3415 600 3479 15
619 3409 836 3470 καταλείποντες
854 3409 879 3460 Α
962 3413 996 3461 18
1016 3402 1075 3460 ἐπί-

62 3479 180 3543 εικοςΑ
252 3486 286 3534 23
305 3477 480 3548 αἱρέσεωςΒ
557 3485 592 3534 26
610 3475 868 3550 αναγκαιόταταο.
887 3479 990 3533 Reiske
