2454 3916
109 208 151 272 16
533 213 696 262 -Α-

109 368 165 437 διὰ
192 365 229 435 τὸ
259 368 419 453 γενέσεως
449 380 521 447 τοῖς
547 365 617 454 μετ’
643 365 768 447 αὐτούς
794 366 907 454 ἀρξαι,
937 366 1049 457 ὥσπερ
1077 364 1122 437 ἀν

67 474 203 563 2ἡμεῖς
226 483 375 561 εἴποιμεν
402 473 584 564 γενεάρχας
610 469 631 561 ἢ
660 476 903 561 πρωτογόνους.
949 476 1056 562 ἕτεροι
1085 476 1123 544 δέ

108 585 264 669 λέγουσιν
297 579 472 662 ἀνεστίους
505 579 600 661 τινὰς
630 582 686 649 καί
718 583 886 669 πλάνητας
918 584 954 649 έκ
986 587 1123 651 πολλῶν

109 688 338 769 συνελθόντας
364 695 496 776 χωρίων
524 687 607 756 κατὰ
635 692 781 774 δαίμονα
808 702 997 775 περιτυχεῖν
1025 687 1123 776 ἀλλή-

52 798 179 877 Ιελοις
206 793 329 864 αὐτόθι
355 795 411 863 καὶ
438 792 499 882 τὴν
527 803 659 880 οίκησιν
687 796 740 862 ἐπὶ
767 808 836 874 τοῖς
860 794 1002 883 ἐρύμασι
1024 822 1123 864 κατα-

108 902 312 989 στήσασθαι,
341 907 399 988 ζῆν
428 902 466 969 δὲ
492 897 559 968 ἀπὸ
588 905 740 989 λῃστείας
761 902 817 969 καὶ
839 906 952 989 νομῆς.
997 909 1122 990 παραλ-

108 1008 266 1078 λάττουσι
295 1006 333 1075 δὲ
363 1008 420 1075 καλ
451 1005 513 1093 τὴν
542 1005 730 1094 ὀνομασίαν
758 1005 872 1076 αὐτῶν
899 1010 952 1076 ἐπὶ
983 1005 1021 1077 τὸ
1049 1022 1123 1090 ταῖς

107 1114 223 1201 τύχαις
250 1112 468 1200 οἰκειότερον,
494 1110 723 1201 Ἀβερριγῖνας
755 1117 922 1199 λέγοντες,
949 1112 1034 1184 ὥστε
1064 1120 1122 1202 δη-

108 1229 255 1290 λοῦσθαι
283 1216 406 1300 αύτοὺς
433 1219 609 1306 πλάνητας.
653 1220 845 1289 κινδυνεύει
875 1223 917 1308 δὴ
939 1220 1023 1288 κατὰ
1044 1221 1122 1290 τού-

68 1361 95 1402 10
108 1353 189 1406 τους
224 1326 330 1413 μηδὲν
367 1328 541 1416 διαφέρειν
576 1326 614 1396 τὸ
652 1330 719 1395 τῶν
753 1324 973 1414 Ἀβοριγίνων
1009 1333 1122 1414 φῦλον

108 1426 159 1502 ὦν
182 1432 325 1501 ἐκάλουν
356 1437 392 1501 οῖ
411 1434 547 1501 παλαιοὶ
571 1434 739 1520 Λελέγων·
771 1446 841 1514 τοῖς
863 1431 927 1522 γάρ
956 1432 1122 1516 ἀνεστίοις

107 1541 164 1609 καὶ
195 1539 312 1627 μιγάσι
343 1541 399 1607 καὶ
432 1544 597 1627 μηδεμίαν
629 1543 694 1626 γῆν
727 1545 870 1626 βεβαίως
902 1538 946 1620 ὡς
978 1546 1122 1629 πατρίδα

107 1649 300 1715 κατοικοῦσι
328 1645 455 1732 ταύτην
483 1648 675 1714 ἐπετίθεντο
703 1644 765 1733 τὴν
795 1643 982 1733 ὀνομασίαν
1010 1645 1055 1726 ὡς
1081 1647 1121 1716 τδι

68 1753 225 1827 3πολλά.
267 1750 364 1820 ἀλλοι
388 1753 425 1819 δὲ
448 1752 587 1839 Λιγύων
607 1749 768 1832 ἀποίκους
785 1757 1040 1840 μυθολογοῦσιν
1065 1752 1121 1823 αύ-
1163 1751 1166 1756 ’

68 1892 95 1934 15
108 1857 188 1938 τοὺς
218 1861 378 1944 γενέσθαι
410 1862 478 1927 τῶν
511 1856 731 1945 ὁμορούντων
757 1857 954 1946 Ὀμβρικοῖς·
992 1863 1027 1927 οί
1056 1861 1121 1950 γὰρ

107 1972 232 2052 Λίγυες
255 1968 385 2033 οίκοῦσι
408 1964 470 2051 μέν
496 1965 552 2032 καὶ
574 1969 634 2050 τῆς
654 1963 794 2044 Ἰταλίας
816 1971 981 2055 πολλαχῇ,
1005 1968 1121 2054 νέμον-

107 2100 162 2143 ται
186 2073 226 2141 δέ
245 2097 321 2138 τινα
340 2071 472 2157 καὶτῆς
491 2075 661 2157 Κελτικῆς.
705 2069 846 2160 ὁποτέρα
866 2069 897 2139 δ’
919 2071 1033 2153 αὐτοῖς
1052 2077 1121 2142 έστι
1140 2095 1173 2145 29

108 2183 150 2266 γῆ
179 2184 311 2262 πατρίς,
331 2175 481 2264 Ιι’λδιγλον·
519 2174 560 2245 ού
587 2176 652 2266 γὰρ
681 2183 729 2246 έτι
756 2180 885 2264 λέγεται
911 2180 986 2266 περὶ
1010 2179 1122 2250 αὐτῶν

107 2287 307 2374 προσωτέρω
332 2283 437 2369 σαφὲς
460 2281 570 2353 οὐδέν.

68 2425 95 2466 20
198 2393 254 2461 XI.
297 2395 341 2458 Ολ
372 2390 409 2459 δέ
441 2391 639 2476 λογιώτατοι
666 2394 735 2459 τῶν
753 2388 946 2479 Ῥωμαϊκῶν
979 2412 1122 2481 συγγρα-

107 2501 216 2588 φέων,
244 2500 281 2567 έν
310 2493 360 2577 οἷς
387 2500 456 2567 έστι
482 2497 632 2583 Πόρκιός
659 2524 695 2566 τε
722 2497 845 2565 Κάτων
873 2495 891 2566 ὁ
920 2497 979 2577 τάς
1007 2525 1122 2584 γενεα-

107 2609 222 2691 λογίας
240 2609 308 2673 τάν
328 2607 364 2672 ἐν
376 2601 497 2692 Ἰταλίᾳ
515 2603 647 2671 πόλεων
668 2604 900 2690 ἐπιμελέστατα
919 2604 1122 2692 συναγαγὼν

106 2711 163 2777 καὶ
196 2711 298 2788 Γάῖος
330 2709 551 2798 Σεμπρώνιος
581 2710 636 2777 καὶ
669 2709 766 2778 ἀλλοι
798 2715 932 2797 συχνοί,
954 2708 1123 2798 Ἕλληνας

108 2813 231 2894 αύτούς
262 2813 349 2883 εἶναι
382 2816 518 2903 λέγουσι
549 2818 618 2884 τῶν
648 2819 684 2884 έυ
710 2814 822 2905 ’Λχαίᾳ
853 2816 933 2884 ποτδ
965 2818 1122 2904 οίκτγσάν-

67 2952 93 2994 25
107 2948 190 3007 των,
226 2929 365 3002 πολλαῖς
400 2936 530 3008 γενεαῖς
572 2921 738 3010 πρότερον
778 2927 840 2990 τοῦ
875 2923 1024 3009 πολέμου
1060 2929 1122 2993 τού

112 3032 263 3116 Τρωικοῦ
296 3028 571 3115 μεταναστάντας.
625 3025 735 3096 ούκέτι
767 3029 880 3114 μέντοι
915 3032 1122 3117 διορίζουσιν

179 3266 195 3314 2
210 3265 396 3329 πρατογενεῖς
410 3259 567 3328 suspicatur
577 3259 698 3346 Sylburg
707 3261 898 3329 (γνίικογιιιίῖί
911 3260 988 3346 Eue.)
1026 3267 1122 3317 σπλα-

107 3328 195 3400 νήτας
213 3334 238 3384 A
311 3330 399 3385 ’λκαλ
423 3347 477 3385 om.
500 3329 523 3383 B
596 3326 866 3417 8ἀβορριγῖναςΒ
908 3325 1075 3403 ἀβοριγίνας
1097 3334 1123 3387 A

144 3409 160 3457 9
179 3422 246 3465 τους
262 3398 412 3488 πλανήτας
430 3401 455 3454 A
471 3404 475 3469 1
492 3397 672 3456 κινδυνευειυ
691 3401 713 3454 Β
770 3409 800 3456 11
821 3399 949 3470 Λελέγων
969 3402 1043 3474 Dmg
1063 3404 1121 3460 Ste-

107 3475 217 3544 phanus
236 3468 272 3542 δὴ
292 3472 362 3542 λέγω
383 3474 405 3528 Ο
480 3479 512 3527 18
532 3469 599 3527 οὐδὲ
619 3469 672 3541 γὰρ
692 3475 716 3526 Α
