2454 3916
499 227 664 280 ——A-
1049 231 1091 295 οι

74 385 136 457 ὑπὸ
160 392 207 480 τῷ
231 388 329 481 λόφῳ
356 389 631 469 συνοικισθέντες
656 386 699 458 τά
721 414 757 458 τε
780 385 865 456 άλλα
888 388 1092 478 διεκόσμουν

74 494 110 564 τὸ
137 502 260 582 κτίσμα
285 508 357 576 τοῖς
385 504 524 565 οἱκοθεν
551 499 709 583 νομίμοις
737 492 905 582 χρεόμενοι
933 497 989 566 καὶ
1018 495 1092 587 ἱερδι

74 601 262 689 ἱδρύονται,
283 605 418 689 πρῶτον
442 601 503 690 μὲν
526 605 573 694 τῷ
591 604 731 692 Λικινίῳ
755 599 847 668 Πανὶ
869 604 928 688 τῆς
947 603 1092 691 Θέμιδος

71 709 296 795 ἐξηγουμένης
325 705 476 797 (Ἀρκάσι
505 704 569 796 γάρ
599 711 693 775 θεῶν
723 704 941 795 ἀρχαιότατός
969 735 1005 777 τε
1034 711 1090 778 καὶ

68 812 267 901 τιμιώτατος
294 809 312 882 δ
341 813 438 904 Πάν)
467 818 592 902 χωρίον
620 811 813 901 ἐξευρόντες
835 811 1041 901 ἐπιτήδειον,
1070 812 1117 885 δι

8 923 44 976 35
68 924 212 988 καλοῦσι
228 917 386 1006 Ῥωμαῖοι
408 919 674 1008 Λουπερκάλιον,
698 917 792 1007 ἡμεῖς
815 916 844 985 δ’
869 915 913 986 διν
938 931 1089 1010 εἴποιμεν

69 1026 231 1096 Λύκαιον.
275 1030 341 1096 νῦν
365 1026 427 1114 μὲν
452 1019 515 1095 οῦν
538 1029 862 1114 συμπεπολισμένων
884 1031 930 1118 τῳ
958 1033 1129 1117 τεμένει4

67 1138 136 1204 τῶν
159 1136 254 1222 πέριξ
276 1139 410 1223 χωρίων
435 1137 652 1214 δυσείκαστος
670 1135 810 1220 γέγονεν
833 1130 854 1220 ἡ
876 1134 1003 1204 παλαιὰ
1025 1141 1087 1206 τοῦ

67 1241 176 1312 τόπου
198 1239 315 1327 φύσις,
337 1232 381 1328 ἦν
406 1240 443 1309 δέ
465 1238 503 1310 τὸ
527 1238 668 1328 άρχαῖον
693 1236 740 1320 ῦς
763 1243 893 1326 λέγεται
922 1242 1088 1332 σπήλαιον

66 1345 132 1417 ῦπὸ
166 1350 212 1441 τῷ
247 1346 343 1440 λόφῳ
375 1350 479 1434 μέγα,
511 1339 627 1440 δρυμῷ
658 1351 764 1439 λασίῳ
795 1349 999 1435 κατηρεφές,
1031 1351 1086 1416 καὶ
1101 1376 1128 1415 10

67 1457 225 1543 κρηνίδες
251 1451 317 1522 ῦπδ
344 1467 417 1535 ταῖς
442 1455 577 1541 πέτραις
604 1453 780 1542 ἐμβύθιοι,
808 1450 830 1540 η’
856 1479 892 1521 τε
922 1453 1087 1542 προσεχὴς

66 1566 112 1654 τῷ
144 1563 283 1653 κρημνῷ
317 1560 407 1649 νάπη
443 1575 584 1641 πυκνοῖς
618 1561 675 1628 καὶ
712 1559 870 1648 μεγάλοις
906 1562 1086 1650 δένδρεσιν

68 1671 224 1749 ἐπίσκιος.
270 1664 356 1737 ἔνθα
379 1666 495 1755 βωμὸν
520 1667 740 1756 ἱδρυσάμενοι
762 1672 808 1759 τῷ
837 1671 909 1761 θεῷ
932 1667 996 1757 τὴν
1024 1668 1125 1744 πά-5

66 1804 163 1867 τριον
194 1781 324 1844 θυσίαν
356 1777 565 1860 ἐπετέλεσαν,
596 1771 640 1863 ἣν
668 1777 764 1864 μέχρι
791 1779 852 1844 τοῦ
879 1775 962 1844 καθ’
999 1773 1086 1863 ἡμᾶς

66 1883 196 1973 χρόνον
217 1880 374 1969 Ῥωμαῖοι
400 1880 550 1951 θύουσιν
578 1883 615 1949 ἐν
644 1883 726 1969 μηνὶ
753 1888 973 1975 Φεβρουαρίῳ
1002 1880 1083 1970 μετδι
1098 1908 1125 1948 15

64 1988 123 2070 τὰς
154 1993 343 2076 χειμερίους
373 1986 515 2078 τροπάς,
548 1985 650 2056 οῦδὲν
683 1993 752 2058 τῦν
783 1988 857 2059 τότε
888 1989 1083 2078 γενομένων
1113 1975 1116 1979 ,

65 2099 338 2185 μετακινοῦντες·
362 2091 380 2164 δ
405 2094 443 2163 δὲ
464 2093 588 2184 τρόπος
601 2100 661 2182 τῆς
683 2101 808 2176 θυσίας
821 2098 858 2165 ἐν
877 2111 950 2179 τοῖς
972 2101 1084 2165 ἔπειτα

65 2202 273 2292 λεχθήσεται.
318 2202 371 2270 ἐπὶ
405 2200 443 2269 δέ
473 2205 513 2290 τῇ
544 2207 680 2292 κορυφῇ
712 2207 773 2272 τοῦ
805 2203 916 2291 λόφου
948 2200 987 2272 τὸ
1024 2204 1084 2289 τῆς

65 2316 174 2398 Νίκης
203 2309 340 2396 τέμενος
369 2307 535 2389 ἐξελόντες
563 2312 688 2388 θυσίας
717 2310 772 2377 καὶ
794 2309 898 2398 ταύτη
926 2307 1082 2394 κατεστή-

65 2436 168 2486 σαντο
193 2420 395 2502 διετησίους,
420 2412 459 2494 ἃς
480 2415 536 2483 καί
559 2413 610 2484 ἐπ’
636 2418 718 2503 ἐμοῦ
736 2414 893 2503 Ῥωμαῖοι
918 2421 1035 2483 ἔθυον.
1095 2436 1123 2476 ω

152 2524 306 2590 XXXIII.
337 2521 469 2609 Ταύτην
494 2521 531 2589 δὲ
550 2519 710 2607 ’Λρκάδες
732 2525 966 2609 μυθολογοῦσι
989 2519 1081 2588 Πάλ-

64 2636 186 2708 λαντος
208 2626 296 2696 εἱναι
318 2629 490 2715 θυγατέρα
512 2631 573 2695 τοῦ
595 2626 791 2708 Λυκάονος·
817 2624 915 2714 τιμάς
939 2627 977 2696 δέ
999 2623 1079 2714 παρ’

8 2745 40 2799 8
64 2732 258 2824 ἀνθρώπων
295 2729 336 2815 δίς
372 2738 438 2820 έχει
474 2737 541 2801 νῦν
574 2731 721 2820 Ἀθηνᾶς
755 2736 916 2821 βουλήσει
952 2742 1081 2823 λαβεῖν,

62 2841 252 2929 γενομένην
273 2844 332 2928 τῆς
354 2844 441 2908 θεοῦ
465 2839 670 2929 σύντροφον.
716 2844 866 2928 δοθῆναι
888 2839 952 2929 γάρ
976 2839 1081 2922 εὐθὺς

63 2946 126 3018 άπὸ
151 2952 255 3034 γονῆς
277 2946 338 3033 την
359 2945 509 3033 Ἀθηνάν
532 2947 705 3016 Πάλλαντι
729 2945 794 3017 ῦπδ
811 2946 897 3029 Διὸς
920 2953 975 3017 καὶ
998 2945 1076 3037 παρ’
1093 2967 1119 3008 2⁶

65 3057 180 3147 ἐκείνῳ
203 3055 285 3133 τέως
313 3058 361 3134 εἱς
392 3051 485 3143 ὥραν
508 3050 644 3141 ἀφίκετο
667 3058 846 3143 τραφῆναι.
892 3054 1078 3143 ἱδρύσαντο

133 3213 373 3283 Ῑδιεκοσμοῦντο
392 3213 571 3284 κτίσματοιΟ
597 3231 666 3270 corr.
686 3213 828 3284 Kiessling
904 3220 921 3270 7
940 3216 994 3269 νῦν
1012 3213 1076 3283 μέν·

67 3304 105 3340 τοι
127 3303 150 3340 ο.
169 3284 327 3340 Ambrosch
352 3287 356 3352 Ι
381 3284 633 3355 συμπεπιλημένων
662 3302 685 3340 ο.
705 3285 806 3340 Reiske
879 3293 912 3341 10
932 3285 1011 3353 σοφοῦ
1031 3285 1079 3336 Ba

98 3363 131 3412 12
150 3357 208 3410 τῶν
230 3354 361 3424 κρημνόν
389 3353 501 3411 Ooorr.
520 3355 661 3425 Kiessling
734 3363 767 3412 16
796 3351 847 3418 τοὶς
874 3373 928 3410 om.
957 3354 1003 3420 ΑΙ
1020 3370 1075 3421 γει-

69 3426 207 3513 μξρέαςβ
296 3421 407 3494 λό’τὴν
431 3423 553 3496 Ἀθηνῦν
581 3422 637 3482 άπό
667 3427 752 3496 γονῆς
779 3426 802 3479 Β
891 3432 927 3480 26
950 3418 1027 3491 ίόραν
1049 3423 1076 3475 Α

71 3513 206 3567 ουρανοτς
223 3496 246 3550 Β
660 3557 661 3564 ¹

513 3568 534 3603 ι
879 3582 916 3635 4*
