2454 3916
499 213 665 263 ..Γ-

72 388 191 456 γιστον
214 371 283 436 τῦν
305 368 555 438 κατοικούντων
578 368 680 456 τήνδε
698 368 760 457 τὴν
780 373 845 456 γῆν
869 371 983 439 ἐθνιῦν
1005 395 1088 460 παρ-

72 474 236 563 εχόμεθα,
268 479 329 544 τοῦ
362 477 400 546 δὲ
432 483 590 545 Λατίνων
623 482 763 563 ἔθνους,
795 482 826 544 εί
855 478 911 546 καὶ
943 476 1088 565 μηδενὸς

71 585 142 650 τῶν
169 580 282 653 ἀλλων
311 584 469 669 [ἔθνῶν],
500 580 658 670 ἡγεῖσθαι
691 587 887 670 δικαιοῦμεν
921 582 982 652 ούκ
1008 583 1087 673 ἀτερ

72 693 196 775 αἰτίας,
224 687 308 757 ἀλλά
339 688 421 758 κατὰ
446 688 508 780 τὸν
532 688 649 759 κοινὸν
678 687 871 778 ἀνθρώπων
897 690 1022 779 νόμον,
1045 687 1087 760 δν

71 793 94 883 ἡ
127 796 230 883 φύσις
263 800 387 865 ἔδωκεν
425 795 545 884 ῦπασι,
576 802 645 865 τῶν
677 796 827 884 ἐκγόνων
863 796 979 886 ἀρχειν
1008 797 1113 879 τοῦςι

71 901 273 1038 προγόνους.
318 900 402 990 ὑπὲρ
425 902 555 984 ἁπάσας
578 904 616 972 δὲ
638 902 696 984 τὰς
722 903 825 984 ἀλλας
848 902 1012 991 ἀποικίας,
1035 899 1088 985 αἷς

72 1013 170 1099 μέχρι
192 1013 254 1078 τοῦ
276 1008 445 1097 παρόντος
473 1007 574 1078 οῦδέν
599 1012 819 1098 ἐγκαλοῦμεν,
848 1016 906 1097 της
928 1008 1088 1099 ὑμετέρας

73 1117 217 1204 οίόμεθα
254 1119 328 1185 δεῖν
364 1114 550 1196 πόλεως”
529 1143 645 1204 αρχειν
683 1115 724 1186 ού
759 1115 824 1206 πρὸ
861 1121 990 1186 πολλοῦ
1025 1116 1087 1205 τὴν

72 1221 231 1293 ἀποικίαν
254 1228 302 1304 είς
320 1222 426 1310 αὐτὴν
450 1221 700 1356 ἀπεσταλκότες,
718 1222 802 1293 ὥστε
826 1226 976 1310 ἐξίτηλον
1000 1206 1126 1293 εἶναι

71 1328 139 1418 η’δη
176 1328 214 1398 τδ
251 1328 310 1418 ἀφ’
345 1327 441 1418 ἡμῶν
476 1332 575 1415 γένος
611 1326 676 1396 ῦπδ
712 1329 840 1416 χρόνον
879 1333 1087 1416 παλαιωθέν,
1102 1358 1128 1399 ιο

72 1433 158 1504 ἀλλὰ
185 1440 225 1525 τῇ
252 1441 347 1524 τρίτη
374 1432 439 1523 πρὸ
467 1434 590 1521 ταύτης
617 1461 725 1525 γενεηι
775 1434 835 1504 ἔάν
864 1433 947 1503 δὲ’
929 1437 1087 1524 αναστρέ-

72 1556 164 1624 ψασα
196 1540 254 1622 τὰς
285 1540 506 1628 ἀνθρωπίνας
543 1539 732 1622 δικαιώσεις
767 1539 788 1628 η
821 1541 924 1629 φύσις
955 1539 995 1610 τά
1027 1544 1088 1610 νέα

71 1648 153 1737 τάξη
185 1652 254 1717 τόν
285 1649 520 1736 πρεσβυτέρων
553 1647 670 1736 ἀρχειν
705 1650 761 1717 καὶ
792 1647 833 1717 τά
866 1653 988 1734 ἔκγονα
1018 1651 1087 1716 τῶν

71 1755 263 1844 προγόνων,
286 1754 360 1823 τότε
382 1755 439 1822 καὶ
461 1752 555 1843 ἡμεῖς
578 1752 767 1843 ἀνεξόμεθα
793 1754 856 1843 την
880 1755 1087 1844 μητρόπολιν

72 1860 139 1930 ὑπὸ
171 1865 229 1949 τῆς
262 1858 416 1941 ἀποικίας
447 1859 654 1950 ἀρχομένην,
686 1860 851 1950 πρότερον
884 1863 922 1931 δὲ
950 1861 999 1949 ού.
1050 1836 1128 1964 ἓνιιξ

72 1967 135 2056 μὲν
168 1966 211 2055 δὴ
241 1970 340 2035 τοῦτο
372 1965 410 2034 τδ
443 1970 609 2054 δικαίωμα
641 1967 863 2056 παρεχόμενοι
894 1972 953 2055 τῆς
985 1967 1088 2056 ἀρχῆς

24 2072 139 2148 ιεεοῦκ
161 2070 205 2142 δν
228 2071 456 2159 ἀποσταίημεν
474 2070 556 2160 ὑμῖν
580 2072 712 2152 ἑκόντες
740 2075 854 2159 ἕτερον
879 2075 917 2143 δέ
939 2075 1087 2144 τοιόνδε·

72 2183 216 2263 δέξασθε
244 2178 282 2248 δὲ
311 2176 393 2248 αύτδ
421 2178 466 2267 μὴ
495 2177 540 2259 ὡς
569 2180 622 2248 ἐπὶ
650 2183 793 2270 διαβολῇ
819 2183 875 2250 καὶ
904 2180 1087 2274 ὀνειδισμῷ

72 2291 118 2380 τῷ
146 2285 294 2378 ὑμετέρῳ
321 2285 522 2374 λεγόμενον,
554 2285 639 2355 ἀλλά
669 2291 731 2356 τοῦ
761 2285 947 2375 ἀναγκαίου
977 2289 1087 2355 ἕνεκα·

72 2392 185 2465 ὅτιτὸ
214 2394 276 2481 μέν
295 2391 468 2479 Ἀλβανῶν
496 2392 594 2479 γένος
622 2387 696 2462 οἷον
719 2386 763 2480 ἦν
787 2394 931 2462 ἐπὶτῶν
953 2393 1086 2462 κτισάν-
1100 2419 1127 2460 ιο

70 2501 140 2570 των
163 2498 225 2588 τὴν
247 2499 363 2586 πόλιν,
385 2503 542 2567 τοιοῦτον
567 2500 628 2578 ἕως
650 2503 718 2567 των
739 2498 820 2568 καθ’
845 2497 931 2588 ἡμᾶς
953 2499 1087 2590 χρόνων

72 2608 238 2695 διαμένει,
265 2607 322 2674 καὶ
350 2604 412 2674 οὐκ
441 2601 485 2673 ἀν
516 2609 586 2692 ἔχοι
615 2633 665 2686 τις
695 2608 854 2688 ἐπιδείξαι
885 2609 996 2693 φῦλον
1029 2605 1087 2676 ἀν-

70 2712 225 2802 θρώπων,
247 2712 349 2781 οῦδέν
378 2714 438 2794 ἔξω
466 2716 527 2782 τοῦ
545 2709 744 2799 Ἑλληνικοῦ
766 2713 880 2782 τεκαὶ
902 2717 963 2782 τοῦ
987 2719 1088 2782 Λατί-

70 2847 160 2907 νων,
188 2811 214 2911 ᾦ
243 2823 302 2907 τῆς
323 2824 492 2900 πολιτείας
519 2818 806 2907 μεταδεδώκαμεν·
838 2817 933 2908 ὑμεῖς
960 2821 998 2890 δὲ
1024 2819 1086 2909 τὴν

146 3058 160 3107 1
193 3070 251 3121 παρ
235 3051 321 3123 ρεχόμ
324 3072 383 3108 ενοι
416 3051 439 3108 Ο
472 3068 542 3107 corr.
576 3050 699 3107 Sintenis
739 3051 801 3108 Em.
837 3053 919 3110 Dion.
952 3054 965 3108 Ι
996 3071 1023 3124 p.
1053 3060 1086 3110 18

264 3073 428 3198 μηδενό<ς>
446 3123 492 3178 Bb
518 3121 545 3178 εἰ
567 3117 696 3194 μηδἩν
680 3142 695 3177 ο
719 3123 794 3178 ΑΒα
871 3131 888 3180 3
912 3120 1008 3179 ἔθνῶν
1032 3124 1086 3179 del.

70 3131 87 3180 2
132 3122 214 3179 εία
176 3143 193 3178 κ

70 3123 333 3265 ΒσῦδΙσααἌδαοοη)
335 3200 391 3251 ,99
446 3187 576 3249 ὄόίπασα
590 3195 616 3248 A
670 3190 857 3258 6*πάσαςο
914 3200 947 3249 10
961 3199 1086 3249 παλαιω-

70 3265 202 3324 θὲνδεί.
222 3212 333 3322 Cobetp
330 3239 432 3322 δόμοιο.
447 3265 532 3336 IXp.
547 3270 608 3335 319,
628 3264 728 3336 Obs.p
734 3271 786 3322 ,61
860 3272 892 3320 11
909 3261 962 3335 πρὸ
981 3260 1086 3333 ταύτης

70 3338 199 3414 γενεᾷΒ
224 3357 250 3407 γ
268 3333 323 3406 πρὸ
347 3358 370 3394 τ
389 3339 415 3392 R
473 3331 564 3423 1αὴ
589 3353 643 3392 om.
666 3283 728 3390 Ap
770 3343 804 3392 14
827 3332 993 3407 ἀνεξόμεθα
1010 3336 1086 3391 ABa

69 3361 261 3536 <δ>ίέξόμεὲδα
279 3408 327 3464 Bb
400 3411 433 3463 16
452 3404 483 3463 τό
505 3408 596 3464 om.B
659 3401 732 3463 20
712 3428 748 3478 ην
768 3425 821 3464 om
836 3409 911 3464 BaR
977 3413 1011 3462 23
1030 3407 1086 3463 τῶν

70 3488 192 3538 λατνων
