2454 3916
485 223 656 276 ι-Β..

67 388 203 471 πρῶτον
228 387 359 471 οἰκῆσαι
377 384 453 471 περὶ
476 381 538 469 τὴν
557 384 770 469 καλουμένην
787 380 973 470 Ῥεατίνην·
1001 384 1081 451 έκεῖ-

67 501 134 562 δεν
158 490 196 558 δὲ
218 487 283 558 ὑπὸ
307 494 493 575 Πελασγῶν
518 491 757 571 ἐξελασθέντας
786 494 834 569 είς
855 488 982 576 ταύτην
1005 487 1082 576 ἀφι-

67 600 190 667 κέσθαι
212 595 275 685 τὴν
302 599 366 684 γῆν
396 602 482 664 ἔνθα
509 601 574 666 νῦν
603 600 734 664 οίκούσι
756 596 813 664 καὶ
836 594 1083 683 μεταβαλόντας

18 704 143 793 338ἀμα
165 708 212 796 τῷ
230 703 321 795 τόπφ
344 702 495 791 τούνομα
513 707 687 789 Σαβίνους
706 705 739 784 ἐξ
753 701 939 792 Ὀμβρικῶν
958 721 1082 788 προσα-

68 815 288 901 γορευθῆναι.
339 809 461 879 Κάτων
495 809 532 877 δὲ
555 809 705 897 Πόρκιος
736 809 773 879 τὸ
806 809 868 898 μὲν
901 808 1009 897 ὄνομα
1035 814 1082 902 τῷ

70 922 234 1005 Σαβίνων
254 922 347 984 ἐδνει
369 919 515 1003 τεθῆναί
530 936 636 1004 φησιν
656 917 709 984 ἐπὶ
726 915 847 1003 Σάβου
869 920 930 985 τού
944 914 1083 1003 Σάγκου

70 1028 233 1111 δαίμονος
253 1025 444 1111 ἐπιχωρίαν,
463 1027 585 1092 τοῦτον
605 1024 644 1092 δὲ
661 1021 721 1093 τὸν
737 1024 876 1111 Σάγκον
893 1021 959 1092 ὑπό
978 1049 1082 1092 τινων

70 1136 204 1201 πίστιον
235 1138 413 1198 καλεῖσθαι
446 1137 524 1197 Δία.
574 1129 710 1218 πρώτην
744 1129 775 1197 δ’
806 1129 918 1200 αὐτῶν
951 1139 1084 1216 οίκησιν

20 1251 70 1302 339
77 1235 258 1325 ἀποφαίνει
275 1239 438 1325 γενέσθαι
456 1235 572 1324 κώμην
591 1236 667 1306 τινά
684 1240 899 1326 καλουμένην
922 1239 1085 1326 Τεστρού-
1171 1216 1180 1233 ⁰

71 1373 138 1415 ναν
160 1342 267 1432 ἀγχοῦ
289 1343 419 1424 πόλεως
438 1343 630 1433 Ἀμιτέρνης
656 1347 831 1433 κειμένην,
853 1347 892 1429 Ιἐξ
919 1336 960 1431 ἧς
982 1341 1084 1431 ὁρμη-
1099 1370 1125 1411 ιο

70 1453 197 1530 θέντας
226 1450 301 1521 τότε
333 1456 506 1538 Σαβίνους
542 1456 590 1532 είς
629 1449 691 1538 την
718 1449 891 1538 Ῥεατίνην
928 1453 1085 1538 ἐμβαλεῖν

68 1555 290 1644 Ἀβοριγίνων
314 1557 381 1645 ἅμα
396 1559 628 1645 <Πελασνοῖς>
641 1558 888 1628 κατοικούντων
911 1557 967 1625 καὶ
985 1554 1085 1625 πόλιν

72 1662 185 1734 αὐτῶν
208 1662 270 1752 τὴν
294 1663 561 1752 ἐπιφανεστάτην
580 1670 749 1746 Κοτυλίας
770 1667 904 1755 πολέμῳ
927 1681 1086 1752 χειρωσα-

73 1774 197 1860 μένους
219 1783 405 1857 κατασχεῖν.
447 1773 482 1839 έκ
507 1771 545 1840 δέ
567 1775 625 1859 τῆς
641 1770 810 1858 Ῥεατίνης
830 1769 983 1850 ἀποικίας
1006 1768 1085 1838 ἀπο·
1105 1769 1125 1834 3

74 1883 267 1957 στείλαντας
297 1875 401 1957 ἀλλος
427 1903 462 1946 τε
493 1877 607 1958 πόλεις
641 1883 750 1946 κτίσαι
785 1877 928 1964 πολλάς,
960 1878 997 1945 έν
1034 1873 1086 1956 αἶς
1102 1901 1126 1942 ιτ

74 1990 180 2054 οίκεῖν
212 1982 424 2070 ἀτειχίστοις,
456 1985 512 2052 καὶ
547 1983 589 2071 δὴ
622 1985 678 2052 καλ
709 1982 768 2066 τάς
797 1984 1087 2073 προσαγορευομέ-

73 2119 136 2172 νας
159 2090 296 2179 Κύρεις·
329 2089 443 2177 χάραν
473 2090 511 2159 δὲ
537 2105 718 2178 κατασχεῖν
742 2095 802 2179 της
829 2091 891 2178 μὲν
910 2089 1088 2180 Ἀδριανῆς

73 2198 243 2284 θαλάττης
265 2195 455 2284 ἀπέχουσαν
479 2195 565 2286 ἀμφὶ
592 2195 671 2277 τοὺς
699 2195 908 2285 ὀγδοήκοντα
936 2197 992 2265 καὶ
1016 2201 1087 2264 δια-

73 2311 213 2385 κοσίους
245 2307 418 2389 σταδίους,
449 2307 508 2391 τῆς
540 2303 578 2372 δὲ
609 2307 820 2392 Τυρρηνικῆς
845 2302 1088 2392 τετταράκοντα

74 2412 159 2499 πρὸς
187 2415 385 2491 διακοσίοις·
412 2415 517 2498 μῆκος
545 2409 583 2478 δὲ
610 2408 713 2497 αὐτῆς
740 2407 832 2478 εἷναί
855 2429 960 2497 φησιν
985 2406 1086 2498 ὀλίγῳ
1102 2430 1129 2472 εο

76 2535 172 2609 μεῖον
196 2521 343 2588 σταδίων
361 2524 488 2604 χιλίων.
515 2523 585 2586 ἔστι
605 2519 645 2586 δέ
660 2543 712 2597 τις
728 2517 784 2585 καλ
798 2515 899 2596 ἀλλος
915 2513 1000 2604 ὑπὲρ
1019 2520 1088 2584 τῶν
1106 2512 1129 2577 4

1102 778 1122 841 2

1109 863 1123 905 ι

76 2631 239 2712 Σαβίνων
262 2628 299 2693 έν
318 2628 481 2714 ίστορίαις
503 2626 693 2713 ἐπιχωρίοις
715 2623 895 2710 λεγόμενος
914 2621 1024 2709 λόγος,
1044 2619 1089 2703 άς

76 2736 356 2820 Λακεδαιμονίων
380 2731 630 2819 ἐποικησάντων
656 2729 770 2810 αὐτοῖς
791 2727 871 2798 καθ’
898 2726 938 2799 δν
962 2728 1089 2818 χρόνον

76 2840 304 2929 ἐπιτροπεύων
341 2837 502 2926 Εύνομον
543 2838 603 2908 τὸν
645 2837 856 2926 ἀδελφιδοῦν
893 2840 1090 2925 Λυκοῦργος

76 3021 145 3064 νους
171 3005 274 3071 μοῖραν
297 2995 372 3053 εἶναι
395 2993 566 3068 ἀποφαίνων
589 2999 639 3055 τού
663 3016 686 3054 ο.
706 2996 874 3066 Ambr0s0h‚
897 2991 1019 3059 παλαιὸς
1043 2996 1090 3052 vel

25 3089 28 3094 ·
77 3071 163 3142 λόγου
183 3065 261 3137 ἀξιος
280 3088 302 3125 ο.
321 3069 482 3140 Kiesslingl
504 3068 641 3143 δμβρικοῦ
663 3068 767 3131 ἔθνους
786 3063 953 3137 αὐθιγενεῖς
972 3068 995 3123 Ο
1020 3084 1089 3123 corr.

76 3143 181 3199 Reiske
244 3137 572 3214 2*έξελα<θ>ε’νταςΒ
593 3139 782 3208 ἐξελαθέντας
795 3141 821 3195 Β
887 3147 903 3194 3
923 3138 1089 3263 <pereffu-

77 3211 180 3276 λόντας
197 3213 220 3268 Β
239 3211 458 3285 καταβάνταςΑ
530 3216 683 3286 ὃσαβίνου
703 3212 753 3267 τού
774 3205 881 3281 σάχκου
900 3210 922 3266 0
943 3227 1012 3264 corr.
1047 3209 1114 3292 χλ-ν

76 3286 151 3356 burg
223 3290 240 3340 8
258 3287 369 3340 πίστιον
386 3285 409 3338 Β
428 3286 555 3340 πίστειον
573 3287 598 3339 Β
622 3288 626 3355 Ι
652 3282 702 3339 καλ
719 3285 769 3338 δία
787 3283 834 3338 Bb
861 3276 910 3337 διά
928 3282 954 3335 Β
977 3281 1024 3334 δία
1043 3279 1089 3333 Ba

78 3350 314 3424 9τεστρύναυἏ
391 3361 424 3409 10
443 3351 599 3425 άμετέρνης
616 3356 642 3409 A
719 3361 752 3410 12
772 3347 874 3423 ἀμαΟ
900 3345 961 3422 ἅμα
979 3352 1089 3404 Πελασ-

77 3435 140 3498 χοῖς
161 3426 266 3483 Βοὶελιθ
289 3421 379 3494 αὐτὴν
407 3442 429 3481 ο.
454 3426 597 3495 Kiessling
670 3433 702 3481 13
722 3423 843 3486 κοτύνας
866 3421 889 3477 0
918 3439 987 3478 corr.
1005 3419 1089 3506 βολο-

78 3499 143 3555 nius
216 3503 250 3552 16
268 3493 440 3568 ἀτειχίστους
458 3497 481 3552 Β
500 3492 667 3567 ἀτειχίστοις
684 3499 711 3553 R
782 3501 816 3552 20
835 3491 958 3564 αύτῇςΒ
977 3510 1049 3562 αντη
1064 3492 1091 3546 Β
