2454 3916
496 232 662 281 ..Γ-

69 390 206 479 πότεροι
234 394 302 458 τῶν
330 387 558 476 εὐγνωμόνων
590 386 731 478 άρξονσι
758 387 886 475 λόγων,
915 388 1009 473 ἑτέρα
1036 415 1086 469 τις

70 496 157 585 ἡμᾶς
179 494 309 584 ἀνάγκη
331 501 491 584 κρείττων
514 493 662 576 ἅπαντος
679 493 904 582 ἀνθρωπίνου
921 499 1085 583 λογισμοῦ

69 605 299 692 περιλαβοῦσα
322 599 476 688 συνάγει·
508 597 552 689 ήν
576 601 640 689 ἐγὼ
663 601 859 690 πυθόμενος
886 607 934 672 ἐτι
956 601 1085 670 λανθά-

70 729 200 781 νουσαν
223 707 310 797 ῦμάς
335 706 442 777 οὐκέτ’
468 706 586 800 ςόόμην
611 712 683 778 δεῖν
711 711 770 796 τής
799 706 994 796 εὐπρεπείας
1016 711 1084 777 τῶν

71 818 262 901 διαλλαγῶν
290 814 519 902 στοχάζεσθαι.
568 815 677 883 δειναὶ
704 813 785 901 γάρ,
816 806 842 883 ῶ
875 814 995 901 Ίύλλε,
1023 839 1112 902 μη-ι

70 923 171 1009 χαναὶ
198 922 376 990 πλέκονται
402 919 483 988 καθ’
508 918 606 1008 ήμῶν
638 923 694 990 καὶ
727 920 827 1002 δόλος
856 919 1005 1008 ἀφυκτος
1034 926 1086 1007 ἐρ-

70 1053 193 1117 ραπται
214 1025 286 1095 κατ’
312 1025 528 1115 ἀμφοτέρων,
556 1023 594 1107 ὃς
617 1032 753 1115 ἔμελλεν
776 1025 906 1097 ἀκονιτὶ
928 1028 986 1095 καὶ
1009 1031 1086 1113 δίχα

69 1132 181 1202 πόνον
217 1133 327 1203 πάντα
363 1139 561 1222 συντρίψειν
593 1135 649 1202 καὶ
682 1138 884 1223 διαφθερεῖν
918 1131 1013 1221 ήμῶν
1044 1130 1085 1202 τά

69 1238 247 1331 πράγματα
265 1240 372 1329 πυρός
394 1237 415 1328 ή
434 1245 587 1329 ποταμοῦ
607 1244 705 1328 δίκην
725 1241 886 1328 ἐμπεσιόν.
926 1245 1085 1329 δημιουρ·
1105 1240 1124 1304 7

69 1348 126 1433 γοὶ
150 1347 188 1416 δὲ
214 1351 282 1416 τῶν
314 1344 463 1415 ἀνοσίων
493 1347 732 1435 βουλευμάτων
761 1349 848 1416 είσὶν
877 1350 916 1414 oc·
936 1346 1085 1417 δυνατῶ-
1100 1372 1126 1412 ιο

73 1480 168 1522 τατοι
202 1457 399 1540 Φιδηναίων
434 1480 470 1523 τε
509 1453 565 1522 καὶ
600 1452 815 1522 Οὐιεντανῶν
853 1453 1086 1534 συνελθόντες.

24 1557 166 1639 ι24ῦστις
189 1560 227 1629 δὲ
250 1558 268 1629 ὁ
287 1564 346 1648 τής
369 1560 549 1648 ἐπιβουλῆς
568 1559 680 1630 αὐτῶν
698 1559 821 1649 τρόπος
839 1552 883 1647 ήν
901 1562 958 1629 καὶ
975 1560 1085 1629 πόθεν

69 1670 118 1746 είς
141 1665 198 1754 ἐμὲ
220 1663 241 1755 ή
265 1670 334 1735 τῶν
364 1666 564 1755 ἀπορρήτων
591 1665 833 1754 βουλευμάτων
860 1668 986 1753 γνῶσις
1014 1665 1086 1753 ἐλή-

24 1797 26 1802 ’
68 1781 178 1843 λυθεν
201 1771 375 1842 ἀκούσατε.

160 1881 251 1949 VIII.
289 1878 389 1949 Ταῦτ’
420 1878 523 1949 είπῶν
557 1884 677 1948 δίδωσι
708 1883 776 1949 τῶν
808 1877 987 1968 παρόντων
1018 1880 1086 1948 τιυὶ
1101 1901 1128 1942 15

70 1983 267 2073 ἀναγνῶναι
303 1985 362 2067 τάς
398 1986 588 2073 ἐπιστολάς,
624 1983 664 2066 ἃς
700 1984 789 2077 αὐτῷ
825 1985 1006 2073 κεκομικώς
1037 2013 1087 2066 τις

70 2091 232 2179 ἐτύγχανε
259 2091 349 2181 παρὰ
377 2097 446 2162 τῶν
474 2095 511 2162 ἐν
538 2092 670 2181 Φιδήνη
698 2094 805 2174 ξένων
833 2091 972 2161 καὶτὸν
994 2098 1085 2181 κομί-

71 2219 179 2268 σαντα
214 2196 320 2280 αὐτάς
351 2199 554 2288 παρήγαγεν.
613 2197 901 2285 ἀναγνωσθεισῶν
944 2197 982 2267 δδ
1017 2204 1086 2268 τῶν

70 2308 256 2375 ἐπιστολῶν
283 2307 340 2374 καὶ
366 2310 428 2375 τοῦ
455 2304 581 2395 ἀνδρὸς
608 2307 859 2392 ἐξηγησαμένου
885 2305 996 2374 πάντα
1023 2303 1086 2374 ὅσα

69 2413 161 2503 παρὰ
184 2417 252 2483 τῶν
275 2414 519 2501 ἐπιτιθεμένων
542 2410 644 2492 αὐτάς
666 2410 731 2481 ἀπὸ
755 2411 919 2500 στόματος
940 2410 1085 2498 ήκουσεν
1099 2440 1126 2481 εο

70 2519 256 2607 ἐκπλήξεώς
282 2547 318 2589 τε
350 2519 496 2607 μεγάλης
526 2517 756 2606 κατασχούσης
784 2516 862 2598 τοὺς
888 2515 1085 2606 ἀκούοντας,

71 2622 128 2697 οία
161 2625 249 2707 είκὸς
281 2627 334 2695 ἐπὶ
365 2624 550 2718 τηλικούτῳ
586 2628 676 2716 κακῷ
707 2623 786 2711 παρ’
817 2627 954 2705 ἐλπίδας
986 2623 1087 2709 ἀκου-

70 2734 206 2821 σθέντι,
234 2731 354 2821 μικρὸν
383 2729 528 2819 ἐπισχῶν
556 2729 573 2801 ὁ
601 2733 808 2820 Φουφέττιος
833 2729 935 2800 πάλιν
963 2733 1085 2813 έλεξεν·

65 2839 244 2927 Ἀκηκόατε
276 2838 335 2920 τάς
366 2844 490 2927 αίτίας,
524 2838 646 2927 ἀνδρες
668 2835 840 2926 Ῥωμαῖοι,
873 2835 918 2905 δι’
949 2834 989 2918 ἀς
1020 2836 1126 2925 ἐγῶ2

69 2949 153 3028 τέως
172 2946 279 3034 <μὲν>
298 2944 533 3035 ἀνεβαλλόμην
555 2944 635 3026 τούς
653 2943 736 3034 πρὸς
753 2941 841 3032 ῦμάς
858 2941 1002 3031 ἀγῶνας,
1018 2947 1085 3016 νῦν
1101 2962 1127 3004 ²⁵

144 3137 324 3205 2παντδςο
388 3143 538 3197 λδεῖΒυ-
594 3140 677 3196 ’ίκαλ
696 3141 762 3210 δίχα
780 3134 871 3195 πόνου
886 3139 940 3195 del.
955 3139 1085 3194 Meineke

70 3213 338 3282 8διαφθείρεινΒ
428 3218 460 3267 11
486 3212 708 3282 φειδηναίωνΒ
799 3217 832 3266 13
856 3205 1037 3278 είςελήλνθεν
1060 3209 1086 3263 Α

72 3290 107 3340 19
121 3283 332 3353 διηγησαμένου
352 3299 375 3338 ο.
386 3283 475 3339 Cobet
488 3284 560 3339 Nov.
570 3284 648 3338 Lect.
658 3300 685 3352 p.
695 3287 757 3350 290,
772 3281 838 3336 obs.
848 3298 875 3350 p.
887 3286 921 3335 59
976 3285 1011 3333 20
1026 3276 1084 3333 ἐπι·

69 3353 185 3410 θέντων
199 3354 288 3410 Cobet
303 3355 369 3410 Obs.
383 3372 410 3425 p.
425 3358 470 3425 69,
490 3349 671 3425 ἐπιθεμένων
684 3353 822 3407 Bficheler
893 3356 927 3405 23
946 3344 1047 3419 μικρὸν
1061 3349 1084 3401 Β

70 3443 126 3482 om.
145 3426 171 3480 R
242 3431 278 3480 24
297 3421 353 3495 ἐγιό
371 3444 401 3481 τε
422 3424 454 3496 0,
478 3422 565 3495 ἔγωγε
586 3424 716 3494 Sylburg‚
741 3419 796 3493 ἐγὼ
819 3422 889 3483 τέως
911 3418 963 3490 μὲν
981 3418 1085 3476 Reiske

70 3503 106 3552 25
125 3491 306 3568 ἀνεβαλόμην
324 3497 350 3551 A
812 3551 814 3556 ,
1115 3497 1117 3501 “
