2454 3916
544 206 709 260 -A-
1090 207 1130 271 71

112 369 223 453 γίυων
246 370 372 453 χωρίον
396 370 444 445 είς
467 374 598 451 οίκησιν
621 365 676 432 καὶ
701 363 764 434 ὅσα
786 368 919 454 ἠξίουν,
942 373 1132 450 πολίζονται

113 470 239 561 μικρὸν
262 469 465 559 ἀποσχόντες
492 470 557 540 ἀπὸ
586 470 755 558 θαλάττης
779 474 832 541 ἐπὶ
854 473 950 566 λόφῳ
973 474 1041 544 τινλ
1065 481 1132 542 Λα-

116 584 252 648 ουΐνιον
281 576 389 666 ὄνομα
416 583 455 668 τῇ
482 579 578 647 πόλει
604 580 754 665 θέμενοι.
800 578 903 671 ὀλίγῳ
931 581 963 648 6'
989 580 1172 669 ὕστερον2

115 684 230 774 χρόνῳ
258 682 320 772 τὴν
348 685 491 774 ἀρχαίαν
519 683 719 766 ἀλλάξαντες
749 683 937 775 ὀνομασίαν
968 685 1036 774 ἅμα
1063 701 1134 767 τοῖς

113 789 321 878 Ἀβοριγῖσιν
335 788 400 859 ἀπὸ
419 795 480 860 τοῦ
499 793 661 876 βασιλέως
684 796 742 878 τῆς
760 791 869 881 χεόρας
888 800 1029 861 Λατῖνοι
1049 791 1159 862 τίνοι

56 898 320 986 ῃςμάσθησαν·
343 897 399 965 καλ
422 897 684 984 μεταναστάντες
706 900 742 967 ἐκ
766 904 828 969 τοῦ
852 905 1041 968 Λαουϊνίου
1063 926 1132 968 κοι-

115 1008 161 1093 νῇ
185 1001 357 1092 μετὰτῶν
381 1006 568 1091 ἐπιχωρίων
591 1009 726 1092 μείζονα
741 1005 998 1094 περιβάλλονται
1020 1005 1133 1094 πόλιν,

114 1107 162 1197 ἢν
175 1110 304 1196 ’Ἄλβαν
328 1109 500 1196 ἐκάλεσαν,
523 1113 557 1192 ἐξ
579 1102 619 1198 ἦς
643 1107 835 1200 ὁρμώμενοι
855 1110 980 1192 πολλάς
997 1113 1060 1201 μὲν
1077 1115 1133 1182 καί

116 1217 224 1297 ἀλλας
245 1216 358 1297 πόλεις
381 1222 514 1285 ἔκτισαν
536 1221 605 1285 τῶν
627 1221 825 1306 κληθέντων
848 1224 1009 1306 Πρίσκων
1033 1225 1133 1288 Λατί·

113 1352 207 1410 νων,
234 1315 323 1406 ἐξ
295 1351 345 1392 ων
373 1327 411 1392 ac
429 1332 579 1393 πλεῖσται
603 1329 650 1392 ἔτι
677 1326 733 1392 καὶ
761 1330 809 1405 είς
832 1318 931 1413 ἐμὲ
910 1347 997 1413 ησαν
1021 1326 1132 1394 οίκοό-
1147 1358 1173 1398 ιο

116 1458 230 1520 μεναι,
252 1445 383 1517 γενεαῖς
402 1428 433 1498 6’
454 1429 598 1537 ὕστερον
617 1431 789 1499 ἑκκαίδεκα
808 1458 889 1520 μετα
874 1429 1009 1518 (τὴν)
1031 1430 1133 1502 Ἰλίου
1152 1445 1172 1510 3

114 1536 247 1608 ἅλωσιν
261 1535 517 1625 έκπέμυαντες’
498 1541 655 1605 ἀποικίαν
670 1536 764 1616 είς
732 1564 769 1606 το
789 1537 1005 1607 Παλλάντιόν
1023 1567 1059 1608 τε
1077 1540 1134 1608 καὶ

113 1644 181 1733 τὴν
204 1649 416 1731 Σατορνίαν,
440 1648 527 1711 ἔνθα
550 1643 827 1730 Πελοποννήσιοί
845 1670 880 1712 τε
902 1645 958 1712 καί
978 1642 1134 1733 Ἀρκάδες

112 1751 180 1840 τὴν
207 1750 343 1838 πράτηυ
371 1758 502 1836 οίκησιν
531 1748 731 1835 ἐποιήσαντο
758 1742 861 1818 καί
840 1778 885 1838 ην
909 1756 956 1819 ἔτι
985 1750 1049 1837 [ἐπ’
1076 1751 1133 1820 αὐ-

113 1863 200 1942 τῶν]
226 1854 347 1948 ζώπυρ’
372 1854 453 1956 ἄττα
471 1855 728 1944 περιλειπόμενα
750 1860 811 1925 τοῦ
833 1863 978 1926 παλαιοῦ
1000 1862 1132 1945 γένους,
1147 1888 1173 1929 15

116 1970 281 2046 οἰκίζουσι
308 1961 387 2042 τοὺς
413 1963 538 2043 τόπους
563 1960 801 2048 περιλαβόντες
827 1969 948 2051 τείχεσι
975 1963 1013 2034 τὸ
1041 1973 1132 2034 Παλ-

114 2071 276 2155 λάντιον,
309 2067 393 2138 ὥστε
425 2077 541 2157 λαβεῖν
576 2068 704 2149 πόλεως
739 2075 848 2158 σχῆμα
883 2071 958 2140 τότε
989 2077 1133 2160 πρῶτον.

113 2185 271 2248 τίθενται
294 2176 332 2245 δὲ
354 2180 400 2268 τῷ
423 2183 576 2264 κτίσματι
594 2173 725 2264 Ῥάμην
749 2175 857 2265 όνομα
876 2175 940 2246 ἀπὸ
963 2183 1024 2246 τοῦ
1048 2184 1133 2247 στεί·

114 2294 239 2363 λαντος
269 2309 334 2413 την
363 2245 520 2351 ἀποικίαν
546 2279 778 2370 Ρωμόλου,
767 2282 806 2362 ός
837 2275 880 2370 ἦν
909 2286 1051 2371 εβθομος
1076 2286 1133 2353 καί

116 2385 297 2468 ὃέκατος’
278 2387 392 2456 απἈ
361 2394 501 2457 Αἰνείου
526 2388 682 2475 γεγονός.
728 2389 893 2476 βουλομαι
917 2389 955 2457 6
977 2391 1033 2458 καί
1055 2385 1173 2513 περλ4

111 2502 174 2584 τῆς
202 2499 345 2564 Αἰνείου
352 2500 617 2668 ὲπιιρουσίαςίες
632 2496 792 2580 Ἰταλίαν,
812 2496 882 2564 ἐπεὶ
900 2523 969 2565 των
988 2473 1173 2584 amoq-⁹⁰

76 2611 156 2742 Ι
114 2606 211 2692 φέων
233 2614 305 2678 τοῖς
327 2599 388 2687 μυ
407 2598 581 2688 ἠγνόηται,
600 2615 671 2680 τοῖς
690 2600 727 2669 δε
747 2601 1036 2688 διαπεφώνηταιτ
1022 2604 1134 2692 οπερλ

114 2708 224 2778 αὐτου
208 2706 348 2793 λόγος,
360 2734 404 2794 μη
391 2704 592 2795 παρέργως
602 2707 806 2776 ὃιελθεῖν’
766 2734 826 2788 τας
838 2735 873 2776 τε
886 2712 955 2778 τῶν
960 2706 1132 2798 Ελλήνων

60 2812 233 2891 ιιικοιλ
198 2841 258 2893 τας
275 2811 448 2900 Ρωμαίων
466 2818 535 2882 τάν
554 2813 696 2902 μάλιστα
714 2818 965 2902 πιστευομένων
985 2820 1134 2904 ιστορίας

111 2919 329 3010 παραβαλών.
367 2925 433 3008 ἔχει
457 2921 495 2990 δὲ
516 2919 557 2989 τά
579 2923 655 3009 περὶ
678 2919 783 2991 αὐτοῦ
807 2921 970 3010 λεγόμενα
994 2914 1068 2991 ὧδε.
1145 2950 1171 2992 ει

188 3123 201 3170 1
222 3116 331 3185 χωρίων
350 3117 396 3171 Ba
418 3136 512 3204 χωρον
528 3135 550 3172 ο
570 3117 708 3172 Bficheler
732 3119 736 3186 Ι
761 3112 845 3172 nal*
828 3111 968 3173 οσαΟ
951 3136 1019 3173 οσον
1038 3118 1132 3173 deleto

112 3190 163 3244 καλ
181 3186 326 3256 Kiessling
417 3194 432 3242 2
458 3183 515 3242 ἀπὸ
541 3183 686 3257 θαλάττης
713 3189 763 3257 τῆς
791 3184 837 3243 ἐπὶ
860 3190 885 3242 A
919 3192 923 3258 Ι
957 3190 1085 3244 λαυίνιον
1109 3191 1132 3243 Β

149 3205 329 3383 bdssoptym
352 3260 377 3312 A
407 3261 410 3325 Ι
441 3258 557 3348 βασιλ<έ
559 3259 658 3331 ως>Β
738 3255 1002 3347 θμεταστάντεςΑ
1031 3261 1035 3325 Ι
1064 3263 1131 3315 λαυ-

113 3333 189 3387 ινίον
306 3336 337 3384 11
358 3328 453 3399 *μετα
474 3325 597 3385 ἸλίουΟ
681 3336 714 3383 14
743 3325 790 3384 ἐπ’
810 3325 905 3384 αὐτῶν
929 3347 983 3384 om.
1002 3331 1025 3383 B
1097 3337 1132 3386 20

114 3397 172 3457 ἀπὸ
192 3401 215 3455 Β
279 3405 313 3454 21
334 3396 382 3454 ἐπὶ
399 3401 445 3455 Ba,
508 3407 541 3455 22
560 3396 752 3485 θιεφθόνηται
771 3403 816 3455 Ba,
827 3401 905 3483 quod
923 3399 1026 3457 Reiske
1043 3400 1131 3456 inter-

115 3475 243 3543 pretatur
263 3467 472 3540 ἃιεφθόγγηται
540 3477 574 3526 25
592 3468 765 3542 παραβαλών
783 3470 885 3526 Βείελτε
915 3465 1088 3542 παραλαβὼν
1108 3472 1130 3526 Ο
