2454 3916
577 221 743 272 ..Γ-

153 377 191 446 δλ
209 375 371 463 Ῥωμαῖος
392 374 552 446 ὑπελθών
575 375 638 464 τὴν
656 374 829 463 προβολὴν
852 378 913 443 τοῦ
931 379 1095 461 πολεμίου
1113 376 1169 443 καὶ

152 487 221 552 τῶν
245 487 374 570 ἰγνυῶν
397 481 459 570 τὴν
483 484 599 570 ἑτέραν
622 480 809 570 ὑποτεμών.

209 589 212 596 ’
242 593 313 659 XX.
342 588 378 659 ‘0
400 590 462 679 μὲν
487 589 529 678 δὴ
552 590 591 659 τὸ
614 595 748 678 καίριον
770 593 902 677 τραῦμα
924 588 1039 674 λαβὼν
1062 584 1170 668 εὐθὺς

153 696 338 783 ἐτεθνήκει,
361 693 380 765 ὁ
399 696 437 764 δὲ
454 697 517 784 τὴν
536 695 659 782 ίγνόαν
677 698 882 783 τετρωμένος
900 693 1012 764 οὐκέτι
1032 695 1170 781 βέβαιος

128 795 199 890 εῆν
223 803 370 889 ἑστάναι,
389 803 519 885 σκάζων
538 803 575 872 δὲ
593 803 649 871 καὶ
666 802 707 872 τά
725 801 833 872 πολλὰ
849 807 895 895 τῶ
913 805 1029 894 θυρεῷ
1049 805 1170 890 διερει·

153 908 298 996 δόμενος
325 906 477 997 ἀντεῖχεν
505 909 595 997 ὅμως
622 914 670 978 ἔτι
699 910 755 977 καλ
782 907 863 997 μετά
892 911 954 978 τοῦ
981 916 1170 998 περιλειπο-

153 1017 259 1103 μένου
290 1017 358 1084 τῶν
389 1013 548 1103 ἀδελφῶν
579 1016 633 1083 έπλ
669 1014 729 1085 τὸν
759 1012 974 1102 ὑπομένοντα
1001 1012 1170 1103 Ῥωμαῖον

154 1121 281 1209 ἐχώρει,
299 1121 521 1210 περιέστησάν
538 1149 574 1192 τε
593 1119 699 1190 αάτδν
718 1119 736 1190 ὁ
755 1121 817 1209 μὲν
835 1123 870 1203 ἐξ
889 1123 1044 1202 ἐναντίας
1064 1141 1170 1210 προσ-

114 1228 234 1315 2ιών,
257 1227 276 1298 δ
303 1230 340 1299 δὲ
362 1229 446 1299 κατά
469 1228 590 1298 νώτου.
634 1233 681 1321 τῶ
710 1229 747 1298 δὲ
764 1226 916 1321 Ῥωμαίῳ
945 1232 1096 1297 δείσαντι
1123 1228 1170 1317 μὴ

84 1363 86 1366 ’
115 1362 142 1404 ιο
155 1337 341 1416 κυκλωθεὶς
371 1334 455 1425 πρός
486 1333 599 1404 αὐτῶν
631 1335 890 1424 εὐκατέργαστος
920 1336 1058 1422 γένηται
1089 1339 1174 1405 δυσί

151 1469 187 1511 τε
211 1442 399 1531 μαχόμενος
421 1443 477 1510 καὶ
500 1442 641 1529 διχόθεν
665 1444 829 1527 ἐπιοῦσιν,
851 1433 896 1528 ἦν
920 1441 958 1511 δὲ
979 1439 1171 1531 ἀκραιφνὴς

153 1554 217 1635 ἔτι,
240 1548 401 1637 λογισμὸς
428 1551 610 1637 εἰσέρχεται
641 1552 765 1617 διελεῖν
791 1546 871 1628 τοὺς
898 1554 1079 1636 πολεμίους
1108 1546 1167 1618 ἀπ’

152 1654 308 1743 ἀλλήλων
326 1656 383 1724 καὶ
406 1657 507 1745 χωρὶς
526 1658 669 1748 ἑκατέρω
688 1654 863 1743 μάχεσθαι.
905 1658 1011 1746 ῥᾷστα
1034 1656 1073 1724 δὲ
1096 1660 1170 1725 δια-

153 1762 289 1849 στήσειν
313 1761 436 1843 αότοδς
457 1760 705 1850 ὑπελάμβανεν,
728 1768 760 1830 εί
784 1761 887 1844 δόξαν
911 1761 1078 1850 παράσχοι
1101 1781 1218 1850 ‹pv-460

113 1892 139 1934 ιε
153 1872 226 1956 γῆς·
251 1866 292 1937 οὐ
314 1867 378 1956 γάρ
397 1866 453 1936 ὑπ’
475 1868 675 1959 ἀμφοτέρων
695 1867 879 1951 διώξεσθαι
895 1872 965 1938 τῶν
984 1867 1170 1958 Ἀλβανον,

153 1972 227 2043 ἀλλ’
252 1972 313 2062 ὑφ’
339 1976 431 2063 ἑνός,
464 1974 554 2066 ὁρῶν
588 1975 648 2045 τὸν
680 1974 831 2063 ἀδελφὸν
864 1974 974 2044 οόκέτι
1003 1977 1169 2065 καρτερὸν

153 2085 222 2150 τῶν
244 2085 370 2151 ποδῶν.
420 2087 523 2152 ταῦτα
546 2082 631 2170 <δὴ>
656 2083 853 2170 διανοηθείς
880 2080 926 2162 ῶς
952 2080 1018 2169 εἶχε
1044 2082 1170 2170 τάχους

100 2230 103 2235 ·
132 2268 134 2271 ,
154 2192 275 2276 ἔφευγε
298 2191 354 2259 καλ
377 2192 560 2260 συνέπεσεν
589 2188 679 2282 αὐτῶ
703 2189 747 2278 μὴ
773 2193 967 2278 διαμαρτεῖν
996 2194 1055 2274 τῆς
1080 2193 1169 2259 ἐλπί-

114 2293 135 2358 3
155 2299 223 2376 δος.
264 2294 282 2365 δ
306 2295 368 2384 μὲν
390 2293 454 2383 γὰρ
478 2298 588 2384 ἕτερος
609 2299 678 2365 τῶν
698 2294 869 2385 Ἀλβανῶν
896 2294 1058 2381 οὐδεμίαν
1081 2302 1168 2384 έχων

116 2427 143 2466 κο
157 2402 289 2490 πληγὴν
311 2408 446 2491 καίριον
468 2405 607 2472 ἐδίωκεν
630 2400 735 2472 αὐτὸν
758 2402 913 2488 ἐκποδός,
940 2400 958 2471 ὁ
983 2401 1014 2470 δ’
1041 2402 1169 2489 ἐπιβαί-

153 2535 227 2578 νειν
251 2507 419 2589 ἀδύνατος
447 2504 497 2577 ῶν
524 2507 611 2577 πολὺ
637 2513 699 2577 τοῦ
727 2511 865 2589 δέοντος
893 2507 1034 2596 ὑστέρει.
1081 2515 1168 2578 ἔνθα

154 2614 197 2703 δὴ
219 2620 287 2684 τῶν
308 2613 481 2701 Ἀλβανῶν
502 2630 574 2695 τοῖς
597 2617 1076 2703 σφετέροιςέγκελευομένων,
1098 2642 1167 2686 τον

154 2722 192 2790 δὲ
214 2720 388 2810 Ῥωμαίων
421 2720 481 2791 τὸν
514 2719 626 2790 αὑτῶν
659 2719 850 2809 ἀγωνιστὴν
876 2720 1082 2803 κακιζόντων
1111 2724 1167 2791 καλ

153 2830 222 2897 τῶν
245 2828 307 2915 μὲν
331 2828 373 2916 δὴ
400 2828 646 2911 παιανιζόντων
672 2854 708 2897 τε
734 2829 791 2896 καλ
814 2831 1098 2916 στεφανουμένων
1122 2827 1168 2909 ῶς
1185 2822 1202 2854 '

227 3068 240 3116 1
264 3057 421 3136 προςβολδν
444 3079 468 3119 ο.
493 3061 616 3133 Sylburg
701 3068 717 3117 2
742 3057 846 3131 ίγνόων
871 3061 894 3116 0
974 3066 992 3116 4
1016 3056 1166 3129 ίγνόανΒ

154 3129 236 3221 ίγνάρ
253 3134 279 3217 Β
334 3139 366 3188 15
374 3128 519 3220 (Ἀλβανῶν
538 3132 662 3189 Sintenis
680 3135 741 3218 En}
757 3132 837 3218 Diop.
852 3133 879 3186 ΙΙ
896 3151 924 3202 p.
940 3137 972 3188 11
988 3127 1165 3219 1ἀδελφῶνθ

155 3210 188 3260 16
217 3223 293 3272 ορων
319 3205 342 3258 Β
370 3222 492 3273 ορωντος
518 3205 543 3259 R
632 3212 664 3260 17
697 3225 752 3259 των
779 3205 866 3258 ποδ..
890 3204 936 3259 Ba
966 3223 1017 3258 τον
1039 3205 1118 3259 ποδα
1141 3205 1167 3258 Β

152 3275 210 3330 τῶν
228 3275 325 3332 ποδῶν
343 3273 621 3361 00130t0b2·1›·64!
638 3272 674 3345 δὴ
694 3292 748 3361 οωι.
764 3275 787 3330 Ο
804 3273 914 3330 addidit
932 3273 1021 3330 Cobet
1038 3275 1057 3331 l.
1073 3275 1091 3329 l.
1108 3271 1166 3364 [ὡς

154 3343 230 3417 εἶχεν
250 3344 339 3417 ἔφυγε
362 3346 507 3417 ταχονςΟ
532 3364 601 3403 corr.
620 3347 768 3417 ΚιεεεΙιος,
791 3346 881 3401 Cobet
903 3347 921 3400 l.
936 3346 956 3401 l.
1030 3351 1064 3402 19
1083 3348 1164 3401 ουδε-

153 3420 221 3489 μίαν
239 3418 263 3472 Β
275 3419 422 3544 μηδεμίαν
440 3419 466 3472 Β
533 3424 566 3472 21
586 3415 699 3489 ὑστέρει
715 3419 762 3474 Bb
780 3413 897 3488 ὑστερεῖ
910 3418 986 3478 ΒαΒ
1050 3424 1085 3472 22
1106 3414 1166 3474 έπι-

95 3570 99 3579 .
153 3493 273 3559 κελενομ
290 3509 347 3544 νων
365 3489 388 3543 Β
455 3493 491 3544 24
508 3485 564 3560 ἤδη
583 3509 605 3546 ο.
624 3489 765 3560 Kiessling
