2454 3916
579 218 746 269 ..Γ-

157 378 195 447 ὃὲ
217 381 279 447 τοῦ
305 377 437 445 Τύλλου
459 375 624 444 λελύσθαι
647 380 744 462 σφίσι
765 373 824 456 ιάς
851 377 926 464 περὶ
954 380 1013 463 τῆς
1036 376 1172 464 εἰρήνης

115 489 137 552 4
157 483 345 572 ὁμολογίας.
387 480 613 569 ἀναγκασθεὶς
632 481 675 569 δή
694 480 751 550 διὰ
769 481 891 563 ταύτας
909 481 967 562 τάς
990 487 1101 563 αίτίας
1118 483 1172 551 καὶ
1192 502 1194 508 “

155 590 348 679 ἀποκρίσεις
369 593 438 658 τών
463 595 620 658 Λατίνων
649 586 667 657 ὁ
691 589 847 677 Μάρκιος
875 588 984 676 ἐξάγει
1012 587 1172 677 στρατιάν

156 696 206 767 ἐπ’
224 695 347 777 αὐτοὺς
360 697 416 765 καὶ
430 695 742 784 προσκαθεζόμενος
756 700 795 786 τῇ
810 695 905 765 πόλει
918 693 1054 783 <αάτών
1069 704 1173 765 Πολι·

129 808 297 896 ττωρίω>,
325 805 407 889 πρὶν
439 806 634 891 ἐπικουρίαν
666 801 743 871 τινά
774 818 845 882 τοῖς
871 804 1173 891 πολιορκουμένοις

155 914 191 980 έκ
228 914 296 980 τών
334 908 446 978 ἀλλων
483 908 668 997 ἀφικέσθαι
705 915 880 996 Λατίνων,
916 909 1173 997 παραλαμβάνει

155 1016 217 1106 τήν
245 1017 346 1086 πόλιν
373 1014 453 1084 καθ’
481 1014 672 1103 ὁμολογίας·
710 1013 752 1084 οὐ
780 1018 895 1102 μέντοι
928 1017 1067 1101 διέθηκε
1094 1014 1173 1095 τοὺς

156 1120 364 1209 ἀνθρώπους
392 1120 507 1191 δεινὸν
537 1121 658 1208 οὐθέν,
692 1119 765 1190 ἀλλ’
793 1127 929 1210 ἔχοντας
957 1121 998 1191 τά
1027 1122 1172 1210 σφέτερα

155 1231 324 1318 πανδημεὶ
356 1227 542 1317 μετήγαγεν
580 1233 627 1309 είς
649 1226 780 1316 Ῥώμην
811 1230 867 1298 καὶ
898 1231 1095 1316 κατένειμεν
1128 1233 1173 1309 εἰς

117 1364 143 1405 ιο
157 1336 276 1423 φυλάς.
476 1387 479 1394 -

245 1444 430 1512 XXXVIII.
457 1446 512 1534 Τῷ,
536 1438 566 1509 θ’
587 1442 661 1529 ἑξῆς
683 1444 826 1535 ἐνιαυτῷ
845 1445 1003 1511 Λατίνων
1027 1446 1076 1522 είς
1101 1448 1173 1532 ἔρη-

156 1577 222 1637 μον
245 1565 283 1618 το
304 1548 516 1639 Πολιτώριον
545 1551 700 1628 ἐποίκους
728 1547 998 1618 ἀποστειλάντων
1027 1550 1085 1618 καὶ
1112 1548 1172 1637 τήν

156 1661 224 1726 τών
257 1662 501 1745 Πολιτωρίνων
533 1656 647 1744 χώραν
684 1657 955 1743 ἐπεργαζομένων
990 1653 1172 1743 ἀναλαβών

155 1762 218 1849 τήν
234 1762 381 1851 δύναμιν
401 1760 419 1830 ὁ
433 1762 590 1851 Μάρκιος
603 1754 685 1850 ήγεν
700 1760 750 1830 ἐπ’
767 1760 900 1842 αὐτούς.
922 1761 1167 1850 προελθόντων
1174 1774 1219 1825 522

118 1895 142 1936 15
158 1869 195 1937 δὲ
218 1873 279 1938 τοῦ
305 1874 436 1956 τείχους
457 1875 525 1938 τῶν
548 1875 705 1938 Λατίνων
728 1871 784 1937 καί
806 1871 1094 1957 παραταξαμένων
1121 1897 1171 1938 νι-

155 1975 260 2063 κήσας
288 1974 410 2056 αὐτοὺς
436 1975 689 2064 παραλαμβάνει
715 1974 777 2063 τὴν
805 1975 905 2044 πόλιν
933 1973 971 2044 τὸ
1001 1976 1170 2065 δεύτερον.

158 2081 327 2171 ἐμπρήσας
351 2082 388 2151 δὲ
409 2082 469 2164 τάς
493 2087 600 2162 οίκίας
617 2082 673 2150 καὶ
691 2080 729 2150 τὸ
749 2095 857 2169 τεῖχος
873 2080 1100 2168 κατασκάψας,
1118 2085 1174 2151 ἵνα

158 2190 269 2279 μηθὲν
293 2182 396 2270 αὖθις
419 2188 625 2278 ὁρμητήριον
649 2193 757 2274 έχοιεν
783 2192 818 2256 οί
837 2190 991 2275 πολέμιοι
1015 2186 1095 2276 μηδ’
1122 2191 1173 2277 έρ-

122 2297 311 2386 2γάζοιντο
338 2296 401 2385 τήν
428 2300 510 2384 γῆν,
538 2294 643 2383 ἀπήγε
671 2294 732 2382 τὴν
757 2295 925 2382 στρατιάν.
969 2298 1016 2387 τῷ
1041 2293 1074 2362 δ’
1101 2295 1174 2382 ἑξῆς

117 2429 143 2469 ιο
158 2410 223 2473 ἔτει
253 2411 395 2474 Λατῖνοι
422 2403 484 2491 μὲν
512 2405 565 2472 ἐπὶ
592 2405 792 2471 Μεδυλλίαν
822 2400 922 2470 πόλιν
950 2402 1173 2487 στρατεύσαν-

156 2538 224 2598 τες,
253 2513 290 2579 έν
317 2502 340 2600 ή
363 2508 536 2598 Ῥωμαίων
563 2501 651 2597 ήσαν
682 2507 832 2594 ἀποικοι,
863 2508 1174 2597 προσκαθεζόμενοι

156 2622 202 2708 τῷ
229 2623 330 2703 τείχει
357 2618 413 2685 καί
444 2614 659 2703 πανταχόθεν
690 2613 914 2702 ποιησάμενοι
940 2614 1000 2695 τὰς
1026 2621 1173 2703 προσβο-

157 2723 217 2805 λάς
240 2727 396 2812 αἱροῦσιν
425 2721 529 2811 αὐτὴν
560 2720 642 2790 κατὰ
668 2721 798 2809 κράτος.
844 2720 1000 2807 Μάρκιος
1031 2720 1069 2790 δὲ
1097 2728 1173 2790 Τελ-

158 2830 263 2916 λήνας
289 2830 389 2899 πόλιν
418 2833 486 2899 τῶν
509 2834 667 2898 Λατίνων
696 2830 842 2914 ἐπιφανῆ
869 2824 952 2896 κατὰ
979 2829 1039 2896 τὸν
1069 2826 1172 2898 αὐτὸν

230 3066 246 3116 2
266 3059 359 3124 αίτίας
377 3062 427 3116 καλ
445 3079 499 3116 om.
518 3062 541 3115 Β
561 3054 704 3122 αὐθάδεις
727 3076 750 3116 ο.
770 3058 941 3129 Grasberger
960 3059 1038 3113 Τεεο.
1057 3057 1172 3129 Herbip.

157 3153 184 3205 p.
206 3140 238 3189 16
310 3139 328 3187 4
346 3131 409 3206 *τῷ
428 3134 591 3204 Πολιτωρίῳ
611 3130 734 3201 Sylburg
751 3130 784 3202 τῇ
803 3125 885 3185 πόλει
904 3130 936 3197 0,
955 3129 1005 3184 sed
1023 3129 1092 3184 inB
1109 3132 1174 3200 poet

157 3204 239 3260 πόλει
252 3203 356 3274 viginti
373 3203 432 3258 fere
451 3204 564 3258 litterae
578 3217 675 3258 erasae
748 3207 764 3256 9
784 3199 824 3264 είς
841 3197 894 3264 τάς
912 3195 1004 3270 φυλὰς
1028 3217 1053 3256 ο.
1072 3201 1172 3272 Pflugk

159 3284 192 3333 12
212 3273 345 3338 ἐποίκους
362 3276 385 3329 Β
404 3269 542 3337 ἀποίκους
559 3275 584 3329 Β
662 3279 695 3328 13
714 3274 888 3342 πολιτωρίων
912 3271 934 3327 Ο
958 3288 1029 3327 corr.
1050 3272 1173 3359 Sylburg

159 3355 192 3404 18
212 3347 302 3419 μηδὲν
316 3347 338 3402 Ο
352 3347 495 3416 praeterB
550 3351 584 3400 20
598 3339 806 3415 μεθάλλειανΟ
860 3348 893 3398 21
908 3347 1174 3413 προκατασκευαζο·

158 3438 238 3489 μενοι
253 3416 276 3472 O
294 3419 448 3488 praeterB
521 3423 554 3471 22
578 3417 627 3471 καὶ
649 3416 672 3469 Β
692 3431 746 3471 om.
765 3415 791 3469 Β
869 3421 903 3470 23
928 3409 1037 3486 μάρκος
1056 3414 1079 3469 Ο
1096 3418 1100 3486 Ι
1116 3419 1173 3471 τελ·

158 3490 245 3559 λήνας
263 3491 286 3544 Β
303 3492 434 3544 τελλίναν
452 3489 478 3543 Β
