2454 3916
149 209 216 273 254
574 209 738 263 ..3„

149 372 209 437 τοῦ
246 368 284 436 δὲ
319 365 402 436 κατὰ
442 366 504 453 τὴν
544 367 644 436 πόλιν
685 366 788 453 όχλου
830 370 1162 456 συμπροπέμποντος·

148 477 336 563 γενομένην
364 474 401 543 δέ
432 479 494 543 τοῦ
522 477 676 561 ποταμοῦ
706 479 850 560 πλησίον
881 474 920 542 τὸ
948 476 1162 564 παροιμιαζό-

149 610 254 671 μενον
276 585 314 652 έν
337 595 408 663 τοῖς
435 580 579 670 πρώτοις
604 585 673 650 τῶν
703 577 884 650 ἀδννάτων
906 580 1060 670 τόλμημα
1082 580 1163 652 ὑπο-

149 703 276 777 μείναι,
298 686 514 777 ἀρυσαμένην
538 689 573 756 ἐκ
599 690 660 756 τοῦ
683 689 835 775 ποταμοῦ
859 692 993 781 [καινῷ]
1016 694 1163 781 κοσκίνῳ

108 823 121 865 ο
147 796 203 865 καὶ
235 796 331 885 μέχρι
361 799 420 882 τῆς
452 791 578 883 ἀγοράς
609 795 794 880 ἐνέγκασαν
825 792 917 882 παρὰ
946 793 1025 875 τοὺς
1057 794 1164 878 πόδας

113 905 217 971 3τῶν
241 904 452 989 ἱεροφαντῶν
475 902 628 989 ἐξερᾶσαι
652 898 690 969 τὸ
717 898 821 988 ὕδωρ.
865 902 922 969 καὶ
949 897 1030 988 μετά
1053 903 1206 972 ταῶτόοει

149 1029 233 1097 φασι
255 1006 317 1078 τὸν
339 1006 527 1094 κατήγορον
556 1005 659 1093 αὐτῆς
684 1011 810 1095 πολλῆς
837 1007 1000 1096 ζητήσεως
1025 1012 1163 1097 γενομέ·

148 1142 210 1202 νης
237 1113 318 1202 μήτε
347 1116 453 1195 ζῶντα
480 1112 664 1203 εὑρεθῆναι
692 1114 772 1202 μήτε
801 1113 932 1205 νεκρόν.
977 1113 1051 1185 ἀλλ’
1077 1113 1162 1206 ὑπὲρ

148 1219 211 1308 μὲν
233 1223 301 1289 τῶν
325 1222 531 1307 ἐπιφανειῶν
552 1231 612 1307 τῆς
632 1225 717 1302 θεῶς
742 1226 828 1309 έχων
852 1219 899 1290 ἔτι
921 1220 1029 1291 πολλὰ
1052 1225 1163 1311 λέγειν

108 1355 134 1397 ιο
147 1327 203 1395 καὶ
226 1330 329 1396 ταῦτα
353 1325 452 1399 ίκανά
475 1331 631 1416 εἰρῆσθαι
654 1333 788 1416 νομίζω.

32 1436 109 1547 5⁹2·ss
153 1428 183 1487 >
235 1436 333 1503 LXX.
361 1432 461 1521 Ἕκτη
492 1439 530 1503 δὲ
557 1449 660 1524 μοῖρα
691 1439 749 1522 τῆς
775 1435 852 1524 περὶ
877 1433 919 1503 τὰ
949 1446 1029 1504 θεῖα
1061 1464 1162 1526 νομο·

146 1546 266 1621 θεσίας
300 1535 344 1630 ἦν
376 1539 397 1629 ἡ
430 1551 703 1629 προσνεμηθεῖσα
733 1555 804 1622 τοῖς
838 1544 1060 1630 καλουμένοις
1095 1543 1161 1614 ὑπὸ

142 1646 315 1737 Ῥωμαίων
344 1653 487 1733 σαλίοις,
515 1644 575 1728 οὓς
605 1647 706 1728 αὐτὸς
734 1646 752 1717 ὁ
780 1648 901 1737 Νόμας
926 1645 1099 1733 ἀπέδειξεν
1127 1653 1162 1720 ἐκ

146 1760 215 1823 τῶν
252 1760 436 1844 πατρικίων
477 1754 607 1823 δῶδεκα
648 1754 727 1836 τοὺς
768 1754 1054 1844 εὐπρεπεστάτους
1094 1759 1162 1829 ἐπι-

107 1859 325 1948 πλεξάμενος
352 1862 464 1947 νέους,
491 1853 542 1929 ῶν
570 1862 606 1929 ἐν
634 1867 788 1955 Παλατίῳ
816 1876 922 1931 κεῖται
943 1862 985 1931 τδι
1009 1862 1084 1953 ίερά
1107 1867 1162 1934 καλ

147 1965 243 2035 αὐτοὶ
270 1971 453 2036 καλοῦνται
475 1976 673 2037 Παλατῖνοι.
719 1972 755 2037 οί
780 1968 841 2057 μέν
869 1969 933 2057 γὰρ
954 1967 1162 2062 Ἀγωναλεῖς,
1196 2038 1200 2046 ,

146 2071 212 2142 ὑπὸ
236 2075 277 2142 δέ
296 2101 400 2143 τινων
418 2081 582 2145 Κολλῖνοι
603 2073 807 2163 ιιαλοόμενοι
830 2075 957 2163 σάλιοι,
981 2068 1033 2145 ῶν
1055 2077 1093 2148 τῖς
1120 2083 1161 2148 ίε-

146 2179 357 2267 ροῳυλάκιόν
394 2183 484 2250 ἐστιν
522 2183 575 2250 έπλ
610 2187 672 2251 τοῦ
707 2188 881 2254 Κολλίνου
916 2183 1043 2271 λόφου,
1080 2184 1163 2273 μετά

146 2286 270 2374 Νόμαν
304 2284 555 2377 ἀπεδείχθησαν
591 2287 656 2358 ὑπὸ
693 2291 856 2375 βασιλέως
883 2287 1050 2359 Ὁστιλίου
1084 2291 1158 2360 κατ’

146 2394 264 2482 εὐχήν,
286 2391 330 2483 ἣν
354 2397 391 2463 ἐν
413 2400 459 2488 τῳ
483 2394 567 2484 πρὸς
585 2402 757 2484 Σαβίνους
780 2396 897 2479 εὔξατο
920 2399 1063 2488 πολέμῳ.
1106 2391 1161 2468 οὗ·

144 2528 197 2570 τοι
220 2502 342 2581 πάντες
365 2507 401 2571 οί
421 2502 532 2572 σάλιοι
554 2509 713 2591 χορευταί
731 2506 820 2584 τινές
843 2508 908 2572 είσι
930 2504 986 2571 καὶ
1008 2501 1208 2594 ὑμνηταλοοὸ

110 2366 132 2431 2

106 2454 132 2495 20

145 2716 376 2803 Παναθήναια
397 2718 479 2804 <έν>
497 2721 543 2809 τῶ
567 2717 762 2808 καλουμένῳ
786 2722 927 2809 Μαρτίῳ
951 2717 1034 2804 μηνὶ
1057 2721 1161 2806 δημο-

145 2820 241 2910 τελὴς
272 2825 325 2891 ἐπὶ
357 2823 481 2903 πολλάς
512 2822 637 2913 ἡμέρας
665 2820 829 2911 ἀγομένη,
862 2826 899 2892 έν
932 2818 985 2904 αἶς
1017 2821 1075 2892 διά
1102 2831 1161 2913 τῆς

106 2959 132 3000 ιε
145 2926 273 3008 πόλεως
300 2926 420 3015 ἀγουσι
447 2927 526 3010 τοὺς
557 2929 681 3018 χοροὺς
708 2940 755 3011 είς
786 2955 821 2998 τε
853 2929 916 3018 τὴν
945 2928 1075 3019 ἀγορὰν
1105 2933 1161 3001 καὶ

145 3034 183 3104 τὸ
207 3037 422 3104 Καπιτῶλιου
444 3037 500 3105 καὶ
522 3035 667 3118 πολλοὺς
686 3035 809 3116 ἀλλους
832 3041 940 3117 ίδίους
962 3063 998 3105 τε
1021 3038 1077 3105 καὶ
1103 3043 1159 3126 δη-

146 3147 285 3229 μοσίους
328 3141 470 3228 τόπους,
520 3147 663 3230 χιτῶνας
706 3148 880 3224 ποικίλους
925 3149 1063 3230 χαλκαῖς
1108 3151 1159 3232 μί

209 3346 234 3394 4ιλ
253 3337 366 3412 *καινῷ
390 3339 442 3393 AB
464 3338 566 3395 inclusi
651 3335 869 3407 δόξεράσαιΒ
957 3345 991 3394 10
1013 3339 1064 3394 καλ
1089 3336 1158 3396 ἀλλα

145 3411 235 3466 ταῦτα
255 3427 277 3465 ο.
292 3410 430 3466 Bficheler
445 3413 449 3482 λ
467 3407 590 3481 εἰρήσθω
605 3411 651 3465 Ba
706 3416 739 3465 15
757 3411 916 3465 παλλαντίω
935 3407 982 3466 Bb
1038 3416 1072 3466 16
1089 3416 1157 3467 παλ-

145 3486 271 3537 λοιντῐνοι
290 3483 335 3538 Bb
408 3487 442 3536 22
462 3477 600 3539 ένοπλίων
617 3481 715 3568 ΒιοΙίΙ
765 3486 799 3536 23
819 3478 851 3537 έν
869 3465 932 3537 αδδ.
952 3481 1110 3569 Αωοεοεολι
