2454 3916
576 223 743 274 -Γ,

155 382 260 449 τόπον
287 378 456 468 διαλαχὼν
486 385 544 467 τῆς
571 379 699 460 πόλεως
725 378 786 448 τὸν
819 377 988 468 ἀρκοῦντα
1020 382 1076 449 καὶ
1110 387 1172 470 γῆς

155 486 317 574 λαμβάνει
340 490 474 575 κλῆρον.
521 488 591 555 ἐπεὶ
621 486 659 554 δὲ
681 489 784 554 ταῦτα
809 485 998 579 διῳκήσατο
1021 489 1078 555 καὶ
1101 494 1171 558 τῶν

157 592 268 663 ἀστῶν
291 588 338 674 εἷς
357 592 518 680 ἐγεγόνει,
542 591 665 680 μαθων
688 590 741 660 ότι
758 589 932 680 Ῥωμαίων
952 592 1078 686 ἑκάστῳ
1102 621 1171 664 κοι·

157 699 221 768 νόν
243 699 272 768 τ’
294 699 402 788 ὄνομα
424 713 528 768 κεῖται
551 699 606 767 καὶ
630 697 711 786 μετὰ
733 700 770 767 τὸ
794 697 914 768 κοινὸν
938 700 1064 787 ἕτερον,
1089 697 1173 789 ὃδὴ

132 806 359 894 εσνγγενικὸν
387 805 502 886 αὐτοῖς
525 808 593 875 ἐστι
620 806 676 872 καί
702 806 977 894 πατρωνυμικόν,
1001 808 1174 894 ἐξομοιοῦ-

158 922 242 981 σθαι
263 914 320 981 καὶ
341 911 424 982 κατὰ
447 916 546 982 τοῦτο
571 911 685 992 αὐτοῖς
707 912 915 999 βουλόμενος
937 913 1085 982 Λεύκιον
1110 914 1172 1001 μὲν

158 1017 234 1088 ἀντὶ
248 1019 454 1108 Λοκόμωνος
472 1021 579 1110 ἑαυτῷ
599 1024 730 1087 τίθεται
751 1017 929 1088 τὸκοινόν
948 1018 1068 1107 ὄνομα,
1087 1027 1171 1110 Tap-

157 1125 278 1194 κύνιον
307 1125 344 1193 δὲ
371 1125 409 1194 τὸ
438 1123 638 1212 συγγενικὸν
662 1126 715 1194 ἐπὶ
742 1129 801 1211 τῆς
823 1125 951 1206 πόλεως
974 1128 1011 1194 ἐν
1033 1117 1055 1216 ᾗ
1079 1128 1171 1212 γενέ-

118 1231 138 1296 3
158 1231 242 1312 σεός
259 1259 293 1302 τε
311 1230 367 1300 καί
385 1234 513 1319 τροφῆς
532 1236 639 1318 ἔτυχε·
663 1233 825 1316 βασιλέως
842 1258 877 1300 τε
897 1237 996 1318 φίλος
1015 1233 1053 1300 ἐν
1070 1231 1175 1324 ὀλίγφ

118 1356 144 1396 10
158 1339 249 1407 πάνο
271 1337 383 1430 χρόνῳ
402 1343 531 1424 γίνεται
550 1340 643 1422 δῶρα
667 1336 796 1422 διδούς,
820 1328 869 1405 ὧν
891 1335 997 1406 αὐτὸν
1023 1341 1060 1406 ἐν
1079 1344 1174 1430 χρεία

158 1445 300 1533 μάλιστα
331 1444 515 1531 γινόμενον
546 1441 717 1533 ᾐσθάνετο
748 1444 805 1511 καὶ
837 1445 987 1533 χρήματα
1016 1447 1173 1532 παρέχων

158 1557 206 1632 είς
237 1551 296 1632 τάς
325 1549 505 1638 πολεμικὰς
538 1555 649 1638 χρείας
681 1548 772 1619 ὅσων
804 1552 926 1636 ἐδεῖτο,
959 1554 996 1619 ἐν
1030 1551 1069 1620 δὲ
1100 1566 1172 1632 ταῖς

158 1663 344 1746 στρατείαις
375 1655 534 1725 ἀπόντων
565 1657 723 1746 κράτιστα
756 1660 862 1738 πεζῶν
894 1683 929 1726 τε
957 1659 1014 1726 καὶ
1044 1662 1174 1728 ίιιπέων

158 1763 404 1851 ἀγωνιζόμενος
432 1763 568 1851 γνώμης
599 1789 635 1831 τε
668 1761 755 1831 ὅπου
787 1762 937 1850 δεήσειεν
969 1762 1104 1852 ἀγαθῆς
1137 1769 1174 1835 ἐν

119 1894 145 1934 ω
158 1886 229 1952 τοῖς
255 1869 347 1939 πάνν
374 1876 554 1958 φρονίμοις
581 1873 649 1938 τῶν
676 1868 880 1957 συμβούλων
905 1868 1220 1960 ἀριθμούμενοςσιω

118 1976 140 2038 4
159 1977 341 2065 γενόμενος
364 1976 403 2044 δὲ
423 1974 513 2065 παρὰ
535 1980 581 2067 τῷ
605 1982 737 2062 βασιλεῖ
756 1981 865 2064 τίμιος
884 1975 964 2046 οὐδὲ
981 1982 1040 2065 τῆς
1059 1977 1174 2048 ἄλλων

154 2083 327 2172 Ῥωμαίων
360 2085 494 2162 εὐνοίας
526 2081 723 2170 διήμαρτεν,
753 2080 838 2151 ἀλλά
869 2083 926 2151 καὶ
955 2088 1026 2153 τόν
1058 2110 1175 2176 πατρι-

158 2196 242 2258 κίων
264 2187 409 2269 πολλούς
431 2202 503 2269 ταῖς
525 2186 730 2275 εὐεργεσίαις
759 2186 948 2276 ὑπηγάγετο
971 2193 1027 2260 καί
1050 2194 1089 2260 τὸ
1114 2197 1173 2279 δη-

159 2296 298 2385 μοτικὸν
329 2300 461 2383 πλῆθος
495 2301 624 2375 οίκείως
656 2300 744 2382 ἔχειν
780 2296 885 2388 ἑαυτῷ
922 2297 1174 2386 παρεσκεύασεν

119 2426 145 2466 ιο
159 2401 425 2490 εὐπροσηγόροις
456 2428 491 2470 τε
518 2401 705 2489 ἀσπασμοῖς
731 2403 787 2470 καὶ
819 2406 1073 2492 κεχαρισμέναις
1102 2403 1175 2494 ὁμι-

159 2517 246 2590 λίαις
268 2511 324 2578 καὶ
351 2509 531 2597 χρημάτων
559 2509 735 2596 μεταδόσει
763 2509 819 2576 καὶ
844 2524 916 2589 ταῖς
938 2508 1054 2590 ἀλλαις
1079 2520 1175 2599 φιλο-

160 2616 357 2706 φροσύναις.

222 2724 478 2802 ,XXXXVIHL
515 2724 675 2801 Τοιοῦτος
702 2722 764 2809 μὲν
793 2722 834 2810 δή
861 2750 912 2803 τις
939 2721 957 2792 ό
985 2725 1175 2812 Ταρκύνιος

159 2821 202 2915 ἦν
225 2829 281 2896 καὶ
300 2827 358 2897 διά
375 2828 496 2910 ταύτας
513 2826 572 2908 τὰς
591 2832 699 2910 αίτίας
718 2829 840 2910 ζῶντός
856 2856 893 2898 τε
911 2837 1072 2917 Μαρκίου
1090 2833 1173 2901 πάν-

120 2964 146 3005 εε
160 2961 228 3003 των
266 2937 396 3021 ἐγένετο
428 2931 602 3021 Ῥωμαίων
640 2935 901 3022 ἐπιφανέστατος
930 2936 985 3003 καὶ
1021 2936 1174 3025 τελευτή-

230 3124 292 3184 4τ’
312 3123 543 3199 ὄνομαΒτόό.
561 3124 679 3184 Βτιό.
704 3129 848 3184 οΒεὶεΙιο
921 3131 1130 3187 ssualBom
1149 3133 1173 3186 R

160 3197 292 3272 ’λὲαοτῷ
315 3200 338 3253 Β
361 3217 415 3256 om.
439 3200 465 3254 R
555 3207 589 3255 10
612 3195 702 3255 αὐτὸν
728 3202 793 3270 post
819 3196 940 3270 μάλιστα
966 3201 988 3256 0
1011 3206 1127 3271 praeter
1150 3204 1173 3257 Β

161 3278 192 3326 11
216 3256 361 3359 χ’σθάνετο
384 3272 407 3325 Β
433 3267 540 3343 ᾔσθετο
563 3271 589 3325 R
667 3278 699 3326 13
723 3274 880 3339 στρατείαις
902 3271 925 3324 Β
953 3280 1097 3342 στρατιαις
1119 3275 1145 3328 Β
1167 3272 1171 3345 Ι

159 3329 298 3398 *πόντων
322 3343 345 3397 Ο
437 3347 470 3396 16
493 3341 568 3428 *τῆς
589 3337 674 3410 ἀλλης
697 3342 720 3396 Ο
748 3343 799 3412 τῆς
820 3342 877 3396 τῶν
899 3338 991 3397 ἀλλων
1015 3361 1038 3398 ο.
1063 3345 1172 3415 Hugh,

159 3413 295 3469 Bficheler
372 3419 406 3468 21
431 3409 599 3483 μεταδόσεσι
622 3430 645 3467 c.
664 3413 767 3467 Reiske
843 3418 878 3467 25
905 3385 1172 3483 ἐκιφανὲστατοςΒ

159 3485 401 3554 περιφανέστατος
418 3485 444 3539 R
