2454 3916
569 228 731 281 ..Β-

146 392 267 477 διδαχῇ
290 391 537 476 παραγίνεσθαι
568 400 638 467 τοίς
670 395 853 468 πολιτικοῖς
879 387 1024 475 πλήθεσι
1054 391 1160 475 πέφυ-

145 521 219 581 κεν,
247 497 284 564 ἰν
312 488 363 575 οἷς
390 490 427 562 τδ
455 493 573 562 πλεῖόν
601 494 670 562 ἐστι
705 494 920 581 δυσάγωγον,
952 493 1024 563 ἀλλ’
1052 501 1160 585 ἔργων

146 604 300 690 ἐθισμοῖς
335 604 403 669 τάν
436 598 521 687 πρὸς
558 599 700 687 ἑκάστην
737 598 858 688 ἀρετὴν
895 600 1063 689 ἀγόντων,
1101 599 1157 670 ὑπ’

146 706 294 795 ἀνάγκης
325 733 360 776 τε
392 710 520 795 μᾶλλον
547 702 568 794 ἢ
597 706 679 775 κατὰ
712 706 851 794 γνώμην
885 707 934 776 ἐπ’
966 707 1049 778 αύτά
1082 709 1162 790 τοὺς

119 813 293 895 επολλοὺς
315 817 617 902 παραγινομένους,
641 819 673 883 εἰ
695 815 732 882 δέ
752 814 858 902 μηδὲν
882 824 932 901 εἰη
950 813 988 884 τὸ
1007 819 1162 883 κωλῦσον

147 923 200 991 ἐπὶ
222 922 285 1009 τὴν
309 918 414 1008 φύσιν
438 919 699 1002 ὀλισθαίνοντας
723 921 835 1007 εἰδύς,
865 925 1077 1012 ἐπιδιφρίους
1099 922 1161 1010 μὲν

146 1030 203 1097 καί
225 1026 418 1114 βαναύσους
444 1027 500 1095 καὶ
527 1025 769 1115 προσαγωγοὺς
796 1028 986 1117 ἐπιθυμιῶν
1013 1033 1162 1116 αἰσχρῶν

146 1136 275 1221 τέχνας,
299 1130 344 1214 ὡς
366 1132 593 1220 ἀφανιζούσας
620 1135 675 1202 καὶ
704 1137 952 1222 λυμαινομένας
974 1135 1018 1217 ,τά
1040 1162 1076 1204 τε
1099 1135 1163 1204 σω-

149 1267 235 1329 ματα
261 1243 318 1309 καί
345 1239 404 1321 τάς
431 1240 540 1328 φνχάς
567 1244 636 1310 τῶν
664 1245 995 1329 μεταχειριζομένων,
1027 1243 1164 1323 δούλοις

110 1349 205 1416 10καί
238 1349 346 1428 ξένοις
382 1345 531 1417 ἀπέδωκε
561 1347 777 1435 μεθοδεύειν·
813 1351 869 1416 καί
903 1352 1068 1438 διέμεινεν
1102 1351 1165 1430 ἕως

149 1457 277 1524 πολλοῦ
300 1453 391 1522 πάνυ
413 1453 541 1543 χρόνον
564 1450 610 1522 δι’
636 1454 798 1541 αἰσχύνης
826 1454 908 1523 ύντα
925 1453 1101 1543 Ῥωμαίοις
1123 1454 1163 1523 τά

149 1565 288 1632 τοιαῦτα
312 1567 392 1651 ἔργα
414 1562 470 1629 καὶ
493 1559 550 1630 ὑπ’
577 1559 718 1642 ούδενός
745 1566 813 1630 τῶν
838 1561 1030 1649 αύθιγενῶν
1054 1564 1164 1649 ἐπιτη-

110 1667 132 1732 2
151 1667 324 1758 δενύμενμ.
362 1667 424 1736 δύο
450 1668 487 1735 δὲ
505 1667 594 1752 μόνα
611 1682 682 1748 τοίς
704 1670 898 1756 ἐλευθέροις
916 1669 1217 1756 έπιτηδεύματακοτ

149 1777 301 1844 κατέλιπε
332 1773 372 1842 τά
404 1801 439 1843 τε
470 1773 554 1844 κατά
590 1779 758 1863 γεωργίαν
791 1776 846 1843 καὶ
879 1774 919 1844 τδι
952 1774 1035 1844 κατὰ
1068 1778 1165 1846 πολέ-

111 1905 136 1946 15
150 1908 249 1968 μους,
278 1877 369 1969 ὁρῶν
398 1879 449 1949 ὅτι
482 1881 625 1971 γαστρός
655 1908 691 1950 τε
719 1879 898 1970 ἅνθρωποι
925 1887 1078 1968 γίνονται
1107 1880 1164 1949 διά

131 1987 290 2067 1τούτους
316 1984 395 2067 τοὺς
423 1993 519 2075 βίους
553 1990 720 2076 ἐγκρατεῖς
753 1985 968 2076 ἀφροδισίοις
996 2015 1032 2057 τε
1063 1980 1165 2076 ἦττον

150 2091 345 2162 ἁλίσκονται
376 2094 585 2182 παρανόμοις
622 2096 818 2176 πλεονεξίαν
849 2121 885 2163 τε
917 2092 958 2164 ού
990 2092 1053 2182 τὴν
1085 2094 1165 2182 βλύ-

150 2219 300 2268 πτονσαν
324 2196 492 2287 ἀλλήλους
512 2200 710 2287 διώκουσιν,
734 2199 820 2269 ἀλλά
841 2199 903 2288 την
926 2200 991 2270 ἀπὸ
1014 2205 1083 2269 των
1106 2227 1164 2270 πο-

151 2311 275 2394 λεμίων
298 2309 584 2396 περιποιουμένην
606 2307 666 2388 τάς
691 2306 861 2395 ἀφελείας.
907 2305 1004 2394 ἀτελῆ
1030 2306 1067 2375 δὲ
1090 2311 1165 2376 τού-

110 2440 137 2479 εο
150 2440 218 2481 των
243 2411 401 2501 ἕκάτερον
422 2409 610 2501 ἡγούμενος
633 2411 720 2481 εἰναι
743 2417 811 2481 τῶν
833 2418 920 2499 βίων
938 2413 1165 2502 χωριζόμενον

150 2521 300 2608 θατέρου
322 2519 378 2587 καί
401 2525 573 2606 φιλαίτιον
597 2518 658 2607 ούχ
684 2520 809 2607 ἑτέροις
836 2523 898 2607 μέν
926 2541 1014 2588 τισιν
1038 2518 1165 2590 ἀπέδω-

150 2653 208 2694 κεν
241 2625 439 2713 έργάζεσθαι
476 2622 537 2712 τὴν
570 2630 651 2713 γῆν,
689 2625 813 2713 ἑτέροις
850 2625 887 2692 δὲ
918 2627 959 2694 τὰ
996 2633 1166 2714 πολεμίων

151 2733 269 2819 φέρειν
296 2756 331 2798 τε
358 2731 413 2798 καὶ
442 2729 537 2817 ἀγειν
562 2728 606 2812 ὡς
635 2730 652 2800 ὁ
683 2731 773 2822 παρὰ
798 2735 1077 2819 Λακεδαιμονίοις
1101 2731 1167 2820 εἶχε

152 2836 272 2923 νόμος,
301 2834 387 2905 ἀλλά
415 2835 495 2917 τοὺς
522 2835 645 2918 αύτούς
671 2837 732 2906 τόν
760 2864 796 2906 τε
823 2836 1004 2925 πολεμικὸν
1027 2841 1083 2907 καὶ
1106 2838 1167 2908 τὸν

111 2989 138 3030 25
152 2942 337 3031 γεωργικὸν
361 2945 452 3025 ἔταξε
474 2949 552 3030 βίον
575 2949 647 3031 ζῆν·
672 2949 703 3012 εἰ
724 2944 786 3034 μέν
811 2944 950 3034 εἰρήνην
974 2943 1091 3032 ἀγοιεν
1114 2949 1167 3016 ἐπὶ

227 3143 320 3201 Ιτοῖς
346 3142 500 3202 πολιτικοῖς
525 3134 648 3206 πληθεσι
676 3157 729 3195 om.
754 3140 777 3194 B
859 3145 874 3193 5
899 3139 1125 3230 παραγομένους
1144 3160 1167 3197 ο.

153 3209 303 3295 Κὶομείίνς,
323 3210 451 3266 Ηετλλείν
468 3211 586 3266 Hermes
600 3210 626 3263 X
645 3230 671 3281 p
686 3217 738 3267 409
756 3211 760 3281 Ι
777 3206 903 3266 κωλύων
920 3211 998 3266 ABb
1076 3221 1091 3268 6
1111 3209 1168 3268 ὀλι

154 3275 316 3344 σθάνοντας
345 3298 367 3337 ο
392 3281 481 3338 Cobet
510 3282 575 3337 obs.
604 3301 632 3352 p
657 3287 690 3337 46
773 3280 994 3369 λπροαγωγοφς
1017 3301 1040 3338 ο.
1065 3284 1168 3340 Reiske
1209 3332 1222 3342 .

154 3358 189 3407 14
203 3354 403 3440 καταλείπεται
417 3349 452 3407 τά
467 3347 588 3422 κατάΟ,
599 3370 668 3409 corr.
678 3354 834 3408 Ambroseh
889 3359 921 3408 18
935 3350 987 3422 τήν
1001 3350 1028 3408 τ’
1045 3350 1101 3410 ἀπὸ
1117 3376 1169 3425 γης

154 3420 242 3477 καλ
212 3444 281 3510 την
275 3443 331 3479 απο
342 3445 437 3478 τωνπ
448 3441 473 3477 ο.
479 3424 582 3479 Reiske
637 3420 798 3496 2οχαριζόμ
801 3426 946 3562 evosAB·
971 3431 1004 3479 21
1019 3425 1110 3498 θατέρ
1114 3428 1167 3501 φΟ

154 3499 188 3550 23
208 3491 284 3564 παρὰ
304 3496 528 3594 λακεδαιμονίων
546 3496 592 3551 Ba
664 3501 698 3551 25
717 3446 798 3567 βίονμ
799 3496 892 3565 ζηνΒ
915 3497 965 3566 ζην
984 3498 1048 3570 βίον
1066 3447 1110 3552 Αρ
