2454 3916
106 240 151 305 ω
532 271 567 279 -
602 242 697 294 ε-

197 403 332 469 XXVII.
355 401 400 466 οί
422 398 459 466 δὲ
477 397 682 486 μετανάστας
700 402 975 486 μυθολογοῦντες
997 394 1124 480 αὐτοὺς

56 570 60 578 ,
108 508 196 578 εἶναι
224 504 402 596 Τυρρηνὸν
430 504 682 593 ἀποφαίνουσιν
709 503 858 592 ἡγεμόνα
885 510 944 593 τῆς
966 503 1124 585 ἀποικίας

108 612 294 702 γενόμενον
327 609 387 700 ἀφ’
423 613 545 680 ἑαυτοῦ
581 612 707 679 θέσθαι
744 613 789 704 τῷ
824 616 919 679 ἔθνει
953 610 1123 700 τοῦνομα·

108 725 230 790 τοῦτον
263 718 301 787 δὲ
329 717 446 787 Λυδὸν
479 716 566 786 εἶναι
598 716 636 786 τὸ
668 720 766 805 γένος
799 720 835 786 ἐκ
865 722 925 806 της
955 717 1123 807 πρότερον

82 833 266 918 ιΜηονίας
297 828 522 912 καλουμένης,
553 823 698 894 παλαιὸν
730 824 773 912 δή
802 852 879 893 τινα
911 824 1124 913 μετανάστην

109 935 204 1006 όντα·
229 931 316 1001 εἶναι
341 931 376 998 θ’
402 928 508 1000 αὐτόν
531 935 681 1019 πέμπτον
704 929 769 1000 άπὸ
794 929 890 1018 Διὸς,
914 935 1069 1018 λέγοντες
1089 933 1124 1000 ἐκ

110 1039 195 1120 Διὸς
212 1040 268 1106 καὶ
282 1043 351 1125 Γης
364 1036 491 1124 Μάνην
514 1040 674 1125 γενέσθαι
697 1042 831 1126 πρῶτον
855 1040 892 1106 έν
914 1042 954 1128 τῇ
977 1042 1020 1128 γη
1043 1037 1123 1107 ταό-

108 1175 149 1238 τη
176 1147 332 1234 βασιλέα·
363 1144 487 1213 τούτου
515 1143 552 1211 θλ
579 1145 635 1211 καὶ
657 1143 850 1235 Καλλιρόης
875 1147 934 1232 τῆς
958 1143 1124 1214 Ὠκεανοῦ

109 1250 280 1340 θυγατρὸς
306 1255 517 1338 γεννηθῆναι
540 1249 674 1319 Κότυν·
701 1256 747 1343 τῷ
777 1251 814 1319 δὲ
841 1249 952 1320 Κότυι·
976 1251 1123 1338 γήμαντι

67 1380 94 1421 1⁰
109 1361 282 1447 θυγατέρα
310 1358 441 1426 Τύλλου
467 1361 530 1426 τοῦ
552 1362 715 1444 γηγενοῦς
732 1354 848 1444 Ἀλίην
872 1356 936 1427 δύο
959 1360 1124 1444 γενέσθαι

67 1469 230 1546 mamae
258 1464 372 1552 Ἀσίην
403 1466 459 1533 καὶ
481 1463 603 1533 Ἄτυν·
635 1468 671 1533 έκ
704 1464 742 1533 δὲ
761 1462 882 1544 ’Ἁτυος
912 1465 969 1532 καὶ
997 1472 1124 1533 Καλλι-
1143 1480 1168 1530 7

107 1577 192 1654 θέας
218 1578 276 1660 τῆς
297 1579 456 1660 Χωραίου
480 1570 596 1640 Λυδὸν
620 1575 727 1658 φῦναι
754 1573 809 1640 καὶ
837 1571 1034 1659 Τυρρηνόν·
1066 1575 1123 1642 καὶ

106 1680 167 1751 τὸν
200 1680 261 1767 μὲν
294 1676 411 1747 Λυδὸν
448 1677 553 1747 αὐτοῦ
588 1683 833 1764 καταμείναντα
868 1679 930 1766 τὴν
962 1679 1123 1773 πατρῴαν

106 1784 214 1874 άρχην
246 1790 453 1873 παραλαβεῖν
485 1786 541 1852 καὶ
572 1783 632 1852 ἀπ’
663 1782 769 1854 αὐτοῦ
797 1789 930 1853 Λυδίαν
960 1785 1024 1874 τὴν
1056 1791 1124 1875 γῆν

67 1927 93 1969 ιτ
108 1891 364 1981 ὀνομασθῆναι·
405 1888 582 1978 Τυρρηνὸν
616 1890 654 1959 δὲ
681 1895 740 1978 τῆς
772 1890 925 1972 ἀποικίας
955 1889 1124 1981 ἡγησάμε-

107 2027 172 2071 νον
195 1996 322 2086 πολλὴν
344 1997 534 2084 κτήσασθαι
563 2000 622 2084 τῆς
641 1993 781 2078 Ἰταλίας
803 2000 859 2066 καὶ
881 2013 952 2078 τοῖς
974 2019 1124 2089 συναρα·

108 2109 223 2196 μένοις
258 2109 320 2174 τοῦ
352 2104 475 2172 στόλον
509 2103 636 2190 ταύτην
667 2108 795 2174 θέσθαι
825 2105 887 2193 την
917 2108 1124 2194 ἐπωνυμίαν.

66 2210 274 2302 3Ἡροθότφ
308 2210 346 2277 δὲ
369 2219 518 2297 είρηνται
539 2209 661 2290 ’Ἁτυος
682 2214 743 2280 τοῦ
775 2211 904 2280 Μάνεω
936 2216 1053 2292 παῖδες
1091 2217 1126 2282 οί

107 2318 183 2408 περὶ
211 2314 400 2404 Τυρρηνὸν,
423 2317 479 2384 καὶ
502 2315 522 2404 ἡ
547 2316 788 2405 μετανάστασις
809 2322 878 2386 τῶν
896 2319 1051 2408 Μηόνων
1075 2324 1124 2399 είς

66 2452 94 2493 το
104 2426 249 2495 Ἰταλίαν
274 2421 335 2512 οὐχ
349 2423 510 2504 ἑκούσιος.
542 2424 625 2511 φησί
638 2421 703 2510 γάρ
726 2424 779 2492 ἐπὶ
802 2429 861 2511 τῆς
874 2423 995 2504 ’Ἁτυος
1018 2423 1124 2513 ἀρχῆς

106 2532 255 2620 ἀφορίαν
281 2534 419 2620 καρπῶν
449 2533 486 2599 έν
513 2534 553 2619 τῇ
581 2534 624 2619 γη
653 2530 807 2619 Μηόνων
833 2534 1011 2618 γενέσθαι,
1043 2530 1123 2613 τοὺς

108 2641 146 2708 δὲ
168 2637 374 2726 ἀνθρώπους
394 2640 476 2716 τέως
499 2636 560 2724 μέν
583 2634 649 2705 ὑπὸ
672 2641 731 2724 τῆς
753 2644 958 2726 φιλοχωρίας
979 2665 1122 2727 κρατου-

106 2749 230 2835 μένους
260 2742 365 2812 πολλὰ
396 2741 713 2829 διαμηχανήσασθαι
741 2740 824 2832 πρὸς
852 2742 915 2831 τὴν
939 2743 1121 2835 συμφορὰν

179 2947 193 2994 1
213 2934 320 3000 αότούς
338 2938 609 3008 μνθολογοῦντεςΒ
694 2943 710 2991 5
735 2940 906 3007 μηιονίοιςΒ
930 2942 1052 3010 μηονίοις
1070 2941 1120 3014 ΑΙ

104 3005 328 3140 ’ἑὲ-Κὰοίὲλσόὸν
344 3004 652 3136 Καλῖῗῖιιλιῗῗῗ
677 3011 681 3078 ¹
704 3006 887 3136 ’ότόιῖόσὶηέ
906 3007 976 3136 ΚΜ
996 3009 1121 3136 ΒΨ

106 3156 139 3225 Ο,
164 3099 352 3220 Μαιόνηνρο.
380 3100 524 3221 Κμὶοεελίος
558 3154 561 3216 Ι
595 3146 646 3205 τὸν
672 3152 784 3220 πρῶτον
800 3100 924 3222 νὲοωρηζε
937 3099 1121 3222 Κόθῳθόόά.

107 3232 176 3282 1861
200 3243 227 3294 p.
254 3229 323 3279 1880
412 3229 428 3277 8
453 3217 485 3276 ἐκ
508 3217 610 3276 τούτου
634 3222 744 3292 Sauppe
772 3223 791 3276 l.
815 3224 834 3278 1.
868 3218 958 3295 τοότφ
982 3219 1009 3277 θ’
1035 3219 1069 3279 ἐκ
1097 3243 1121 3280 ο.

106 3294 248 3365 Kiessling
262 3295 267 3364 Ι
283 3294 332 3348 καί
354 3311 408 3348 om.
427 3293 450 3345 B
522 3299 538 3347 9
557 3292 693 3361 γενέσθαι
712 3292 883 3365 Grasberger
909 3294 983 3351 Τοεε.
1003 3295 1121 3366 Herbip.

105 3387 134 3439 p.
153 3373 187 3422 26
268 3371 302 3419 10
324 3359 407 3433 άλίην
429 3364 452 3416 Β
534 3370 567 3419 18
596 3365 705 3433 εἴρηται
735 3362 757 3418 Ο
784 3381 853 3420 corr.
879 3365 981 3423 Reiske
1011 3369 1121 3435 εἴρηται

105 3435 145 3501 ὡς
160 3478 185 3493 ..
201 3481 207 3493 .
223 3480 229 3492 .
246 3431 375 3498 ἕκοόσιος
393 3433 511 3505 γέγονεν
529 3452 552 3490 c.
573 3436 695 3523 Sylburg
714 3434 759 3489 eui
777 3436 928 3490 assentitur
941 3436 1119 3510 Ambronohl

105 3505 214 3565 Μάνεω
234 3508 356 3579 Sylburg
374 3502 487 3578 μάσνεω
506 3506 559 3561 ΑΒ
613 3511 645 3560 21
667 3508 775 3576 αφορία
794 3508 816 3561 Β
