2454 3916
573 202 739 256 —B-

152 361 259 451 σχύνη
281 366 430 442 τίνοντες
458 365 552 440 δίκας
579 359 762 451 αύτουργολ
790 360 912 442 πάντες
935 363 1088 449 ἐγίνοντο
1111 361 1163 430 καλ

150 469 212 539 τὸν
231 470 268 537 έκ
285 472 345 556 γῆς
359 472 507 537 πλούτου
525 465 684 536 ἀπάντων
703 465 785 536 ὄντα
801 466 982 552 [πλούτων]
1000 467 1164 537 δικαιότα-

150 602 212 646 τον
233 580 292 664 τῆς
315 579 552 665 στρατιωτικῆς
573 575 629 643 καὶ
650 571 711 643 ούκ
735 576 876 663 ἐχούσης
897 572 935 644 τὸ
954 576 1095 662 βέβαιον
1115 572 1165 643 εύ

112 686 132 749 3
151 689 270 771 πορίας
292 681 499 771 γλυκύτερον
521 683 682 751 ἐτίθεντο.
726 685 772 774 τῷ
802 680 839 750 δὲ
861 681 965 773 Νόμᾳ
987 687 1109 771 περιῆν
1133 683 1166 750 ἐκ

153 906 235 965 σθαι
264 894 296 964 δ’
321 893 386 964 ὑπὸ
414 899 483 964 τάν
509 901 704 984 περιοίκων,
736 894 1010 983 μνημονεύεσθαι
1034 893 1066 963 δ’
1096 893 1208 966 ύπδιοι

152 1008 220 1073 τῶν
244 1003 499 1089 ἐπιγινομένων·
533 1001 578 1070 δι’
605 993 656 1070 ὦν
679 1000 756 1071 ούτε
784 1002 900 1082 στάσις
922 1001 1085 1090 ἐμφύλιος
1106 1000 1167 1089 τῆν
1210 986 1215 996 ’

152 1108 328 1196 πολιτικῆν
351 1114 470 1177 ἔλυσεν
498 1105 678 1196 ὁμόνοιαν,
709 1106 786 1178 ούτε
812 1108 957 1197 πόλεμος
979 1106 1168 1196 ἀλλοεθνὴς

154 1218 190 1285 ἐκ
226 1219 295 1285 τῶν
330 1220 516 1303 κρατίστων
552 1216 608 1283 καὶ
643 1215 943 1304 θαυμασιωτάτων·
969 1213 1033 1302 τῆυ
1068 1216 1168 1284 πόλιν

114 1346 141 1387 ιο
155 1322 425 1410 ἐπιτηδευμάτων
458 1325 600 1408 ἐκίνησε.
658 1325 823 1391 τοσοῦτον
857 1323 920 1408 μὰρ
953 1319 1101 1409 ἀπέσχον
1137 1324 1172 1391 οί

153 1435 316 1517 περίοικοι
344 1427 406 1516 τῆν
438 1426 610 1516 ἀπόλεμον
637 1426 780 1516 ἡσυχίαν
804 1426 978 1516 Ῥωμαίων
1009 1427 1170 1516 ἀφορμῆν

153 1539 212 1622 τῆς
242 1532 313 1604 κατ’
349 1534 460 1618 αὐτῶν
494 1536 674 1614 ἐπιθέσεως
705 1532 904 1622 ὑπολαβεῖν,
937 1533 1022 1604 ὥστε
1052 1535 1109 1604 καὶ
1141 1544 1175 1604 εἴ

153 1669 204 1722 τις
239 1640 354 1722 αύτοῑς
389 1641 474 1730 πρὸς
515 1640 680 1728 ἀλλήλους
719 1642 862 1728 συνέστη
898 1640 1043 1730 πόλεμος
1081 1646 1172 1710 διαλ-

154 1751 319 1836 λακτῆρας
343 1751 522 1818 έποιούντο
538 1747 723 1835 Ῥωμαίους
740 1748 796 1816 καὶ
820 1748 873 1816 ἐπὶ
897 1751 1049 1838 διαιτητῇ
1067 1747 1173 1839 Νόμᾳ

114 1831 212 1935 4τάς
241 1849 366 1944 ἔχθρας
393 1854 546 1924 διαλύειν
572 1852 699 1941 ἠξίουν.
748 1859 873 1924 τοῦτον
899 1847 1008 1942 <ούυ>
1037 1853 1101 1924 ούκ
1128 1850 1174 1924 ἀν

114 1915 140 1956 15

143 1966 381 2049 ἀἰσχυνθείην
404 1959 468 2048 ἐγώ
491 1959 552 2031 τὸν
575 1960 686 2048 ἀνδρα
709 1965 778 2031 τοῖν
801 1960 851 2030 ἐπ’
877 1959 1077 2052 εὐδαιμονία
1101 1966 1175 2031 δια-

156 2071 354 2154 βοηθέντων
383 2071 421 2137 ἐν
447 2078 519 2148 τοῖς
544 2068 688 2157 πράτοις
715 2078 946 2157 καταριθμεῖν.
993 2068 1116 2155 γένους
1138 2096 1176 2138 τε

155 2172 219 2261 γάρ
248 2179 314 2262 ἔφυ
345 2180 518 2262 βασιλείου
548 2176 605 2244 καὶ
637 2179 771 2264 μορφῆς
802 2171 967 2243 ἀπέλαυσε
996 2179 1177 2263 βασιλικῆς

155 2286 313 2351 παιδείαν
339 2308 374 2350 τε
403 2278 444 2350 ού
470 2279 533 2369 τῆν
565 2281 640 2368 περὶ
667 2279 790 2368 λόγους
817 2279 986 2368 ἄχρηστον
1012 2279 1176 2370 ῆσκησευ,

117 2422 143 2463 η)
156 2385 230 2458 ἀλλ’
257 2390 291 2471 ἐξ
314 2380 354 2476 ῆς
376 2385 528 2476 εύσεβείν
551 2392 657 2475 έμαθε
678 2389 735 2455 καὶ
757 2385 816 2467 τάς
838 2385 939 2467 άλλας
962 2388 1177 2474 ἐπιτηδεύειν

116 2503 137 2568 5
155 2493 283 2585 ἀρετάς.
324 2494 510 2584 ῆμεμουίαν
531 2494 568 2563 δὲ
585 2493 648 2583 τῆν
661 2493 833 2581 Ῥωμαίων
851 2500 1058 2582 παραλαβεῖν
1075 2493 1178 2582 ῆξιοί·

155 2612 203 2689 θη
228 2604 304 2683 νέος
327 2598 376 2699 ἀν
404 2601 488 2671 κατά
510 2603 605 2682 κλέος
631 2600 751 2691 ἀρετῆς
777 2598 835 2668 ὑπ’
861 2597 974 2669 αύτεὸν
998 2601 1196 2689 ἐπίκλητος

156 2705 274 2795 ἀχθεὶς
290 2709 360 2777 καὶ
393 2711 554 2778 διετέλεσε
589 2710 806 2795 πειθομένοις
837 2705 968 2775 ἅπαντα
995 2705 1055 2775 τὸν
1089 2714 1222 2795 atoma

155 2829 227 2896 τοῖς
253 2812 451 2904 ἀρχομένοις
482 2814 665 2904 χρύμευος·
697 2811 827 2902 ῆλικίας
859 2812 891 2881 δ’
923 2814 975 2881 ἐπὶ
1008 2813 1177 2901 μῆκιστον

231 3050 245 3099 1
265 3047 405 3110 τείνοντες
422 3048 445 3101 Β
461 3048 466 3115 1
483 3041 610 3115 έηίυοντο
628 3047 674 3102 Bb
694 3041 826 3114 έμένοντο
844 3045 870 3098 R
941 3050 957 3098 2
976 3038 1109 3100 πλούτων
1128 3046 1177 3103 de-
1210 3038 1214 3052 ’

116 3122 120 3129 ’
157 3115 229 3172 levit
246 3116 397 3188 Kiessling,
415 3118 539 3172 Reudler
553 3117 644 3172 Τίτου.
658 3135 685 3186 p.
700 3120 735 3171 25
807 3111 918 3190 4νόμμ
937 3131 992 3170 om,
1007 3117 1032 3168 A
1098 3113 1175 3173 ’λδί

158 3180 198 3243 ὧν
225 3189 248 3242 Β
280 3184 320 3242 δι’
345 3182 379 3243 δν
406 3190 432 3243 R
513 3194 547 3243 10
573 3189 708 3243 τοσούτολ
792 3193 826 3241 14
853 3187 982 3276 διαιτητῆ
1012 3185 1177 3256 stephanus

158 3259 252 3330 διαίτη
268 3260 303 3328 τῆ
323 3260 346 3315 0
424 3264 458 3314 15
477 3260 578 3314 τούτου
598 3249 650 3313 οὖν
669 3259 715 3314 vel
737 3253 773 3327 δὴ
797 3258 844 3313 vel
867 3255 919 3327 μὲν
943 3259 982 3326 δη.
1003 3259 1054 3312 aut
1073 3252 1133 3329 ἀρα
1153 3277 1177 3316 ο.

159 3329 317 3401 Stephanus
389 3336 423 3386 18
441 3330 492 3386 καλ
509 3330 532 3384 Β
551 3348 604 3386 οιῐι.
624 3331 649 3384 R
665 3331 669 3400 Ι
685 3331 803 3419 μορφῆς
814 3324 841 3383 ἀ.
856 3329 879 3382 Β
898 3328 1010 3416 μορφῆς
1028 3347 1058 3383 τε
1079 3325 1108 3385 ἀ.
1127 3332 1156 3386 Β,
1171 3332 1177 3405 Ι

159 3397 355 3529 ἀπ<ή>λαυσὸ
363 3403 386 3456 Β
459 3408 492 3456 19
510 3403 646 3457 παιδείαν
664 3420 694 3456 τε
714 3419 779 3456 ουτε
793 3401 860 3471 περὶ
872 3400 898 3453 A
914 3402 918 3470 Ι
934 3404 1035 3470 λογους
1054 3398 1180 3472 Stepha-

158 3490 211 3528 nus
229 3472 312 3545 λόγον

187 3662 223 3671 .-.
