2454 3916
510 217 676 270 -A-
1057 217 1101 283 79

85 387 158 458 λεῐς.
197 384 375 467 μείναντες
398 379 435 447 δέ
458 376 520 465 τήν
542 376 735 467 χειμερινήν
760 376 853 467 όίραν
872 377 995 447 αὐτόθι
1010 376 1100 447 νεὼν

82 484 280 575 Ἀφροδίτης
308 485 491 575 ἱδρύσαντο
519 485 573 553 έπί
599 489 668 553 τῶν
696 483 913 574 ἀκρωτηρίων
942 486 1017 565 ένὸς
1042 484 1100 553 καὶ

84 592 182 662 πόλιν
211 602 356 660 Αἰνειαν
387 597 535 678 ἔκτισαν,
565 594 603 660 ἰν
633 582 655 680 ᾖ
682 591 760 671 τούς
789 619 824 660 τε
853 589 919 660 ὑπὸ
941 591 1099 679 καμάτων

84 698 277 780 ἀδυνάτους
299 707 395 767 πλεῖν
418 700 474 767 καί
498 697 591 778 ὅσοις
613 695 717 767 αὐτοῦ
741 700 855 786 μένειν
878 701 1100 786 βουλομένοις

83 799 137 894 ἦν,
162 803 207 886 ὡς
222 809 259 875 ἐν
280 810 385 896 οἰκείᾳ
407 811 450 895 μή
473 803 511 874 τό
531 803 650 873 λοιπὸν
674 807 866 893 ἐσομένους,
889 803 1126 874 ὑπελίποντοῡ

28 912 173 1000 -ἳῠαῧτη
198 915 366 1000 διέμεινεν
394 914 456 992 ἕως
482 916 541 998 τής
568 910 781 980 Μακεδόνων
814 915 1012 991 δυναστείας
1041 914 1100 997 τής

84 1017 165 1087 κατά
189 1017 268 1098 τοὺς
292 1016 475 1105 διαδόχους
492 1015 572 1097 τοὺς
581 1015 804 1106 Ἀλεξάνδρου
825 1020 1022 1106 γενομένης·
1046 1019 1100 1086 ἐπὶ

86 1125 122 1193 δὲ
148 1128 210 1211 της
236 1122 445 1211 Κασάνδρου
468 1128 639 1210 βασιλείας
669 1126 863 1212 καθῃρέθη,
891 1123 946 1193 ὅτε
974 1133 1099 1194 Θεσσα-

86 1237 202 1318 λονίκη
234 1230 331 1310 πόλις
364 1233 518 1316 ἐκτίζετο,
549 1231 605 1298 καί
636 1233 670 1297 οἰ
696 1235 857 1298 Αἰνεᾶται
889 1230 952 1300 σὺν
984 1231 1101 1311 ἀλλοις

86 1346 223 1418 πολλοῖς
246 1342 293 1417 εἰς
315 1335 377 1423 τήν
400 1336 593 1405 νεόκτιστον
617 1336 821 1428 μετῴκησαν.
1114 1354 1140 1395 1⁰

150 1448 187 1512 L.
226 1442 281 1512 Ἐκ
310 1444 347 1512 δέ
377 1447 436 1530 τῆς
463 1442 645 1530 Παλλήνης
672 1443 814 1532 άραντες
847 1448 881 1512 οἰ
913 1447 1023 1532 Τρῶες
1052 1448 1100 1524 εἰς

86 1556 206 1640 Δήλου
233 1548 457 1638 ἀφικνοῦνται
484 1551 723 1637 βασιλεύοντος
754 1550 857 1638 αὐτῆς
880 1550 1012 1619 Ἀνίου·
1043 1551 1100 1619 καί

83 1650 125 1747 ήν
150 1656 259 1726 πολλὰ
283 1672 401 1745 σημεῖα
423 1659 459 1725 ἐν
479 1656 583 1749 Δήλῳ
606 1662 664 1745 τῆς
678 1663 819 1727 Αἰνείου
841 1685 876 1727 τε
898 1659 955 1726 καὶ
973 1657 1099 1746 Τρώων

80 1770 281 1853 παρουσίας,
293 1767 398 1851 <έως>
417 1762 519 1870 ήιζθει
536 1790 571 1832 τε
589 1767 644 1832 καί
659 1763 779 1857 ᾤκισθ’
801 1763 821 1852 ή
843 1768 955 1851 νῆσος.
989 1769 1099 1833 ἔπειτα

80 1879 130 1954 εἰς
155 1871 304 1960 Κύθηρα
336 1875 444 1958 νήσου
477 1872 609 1960 ἑτέραν,
642 1868 857 1961 ήπρόκειται
881 1870 1099 1958 Πελοποννή-
1114 1885 1140 1927 1⁵

78 2002 160 2066 σου,
183 1978 451 2066 παραγενόμενοι
476 1976 569 2065 ἱερὸν
589 1975 788 2065 Ἀφροδίτης
811 1977 996 2066 ἱδρύονται.
1033 1976 1098 2046 ἀπὸ
1118 1976 1139 2041 2

77 2089 120 2157 δὲ
152 2084 328 2175 Κυθήρων
360 2084 559 2173 ποιούμενοι
590 2082 650 2152 τὸν
683 2089 792 2153 πλοῦν
825 2083 866 2152 ού
897 2084 1014 2172 πρόσω
1042 2088 1101 2171 τῆς

76 2190 355 2280 Πελοποννήσου
381 2191 623 2278 τελευτήσαντα
649 2196 720 2260 τῶν
750 2194 892 2281 ἑταίρων
923 2191 1000 2260 τινά
1031 2196 1100 2261 τῶν

76 2306 228 2371 Αἰνείου
241 2305 415 2368 Κίναιθον
434 2301 568 2368 ἐπὶτῶν
591 2297 811 2388 ἀκρωτηρίων
834 2297 928 2377 τινὸς
951 2298 1100 2387 θάπτου-

76 2431 159 2493 σιν,
185 2402 203 2474 δ
227 2409 292 2474 νῦν
315 2403 371 2473 ἀπ’
398 2407 529 2473 ἐκείνου
552 2411 740 2473 Κιναίθιον
763 2412 927 2472 καλεῖται·
958 2404 1014 2471 καὶ
1037 2402 1098 2490 τήν
1113 2416 1140 2457 ²⁰

75 2514 168 2603 πρὸς
198 2511 358 2600 Ἀρκάδας
390 2514 589 2598 συγγένειαν
626 2509 919 2598 ἀνανεωσάμενοι,
952 2511 1027 2598 περὶ
1060 2501 1100 2597 ής

77 2627 118 2692 ἐν
144 2619 275 2710 ὑστέρω
302 2617 393 2710 λόγῳ
423 2617 644 2706 διηγήσομαι,
671 2615 797 2705 χρόνον
820 2642 855 2684 τε
883 2613 999 2703 ὀλίγον
1023 2617 1099 2705 περὶ

76 2732 189 2799 ταῦτα
211 2724 252 2795 τά
273 2731 379 2814 χωρία
403 2730 638 2812 διατρίψαντες
659 2726 715 2792 καί
737 2721 985 2811 ὑπολιπόμενοί
1004 2751 1099 2804 τινας

79 2839 185 2923 σφων
213 2829 324 2900 αὐτῶν
351 2836 400 2910 εἰς
422 2830 605 2899 Ζάκυνθον
629 2828 861 2917 ἀφικνοῦνται.
908 2826 1135 2919 δεξαμένων3

55 2982 60 2989 -
83 2942 116 3010 δ’
153 2936 276 3018 αύτούς
303 2938 360 3005 καὶ
388 2941 457 3006 τῶν
481 2940 686 3005 Ζακυνθίων
716 2935 800 3025 πρὸς
829 2943 946 3025 φιλίαν
975 2936 1032 3006 διά
1059 2936 1096 3006 τὸ
1112 2949 1139 2991 ²⁵

158 3143 175 3192 3
194 3129 327 3204 κυμάτων
341 3135 393 3188 ΔΒ
455 3140 470 3189 5
489 3127 675 3187 ὑπελείποντο
689 3139 714 3186 Δ
774 3129 871 3196 ’ἰτοάς
889 3129 1062 3202 ἀλεξάνδρου
1077 3133 1100 3185 Β

86 3209 137 3265 τού
157 3203 185 3263 ἀ.
204 3207 231 3260 R
303 3211 335 3259 12
355 3203 465 3260 αἰνείου
489 3204 541 3258 ΑΒ
615 3210 648 3258 14
668 3201 732 3271 έως,
752 3198 799 3259 ὅτε
821 3205 869 3260 vel
886 3204 976 3259 simile
996 3223 1018 3258 ο.
1039 3203 1100 3272 syl-

87 3281 161 3348 burg
178 3277 248 3339 τέως
266 3276 368 3331 Reiske
387 3293 441 3331 om.
462 3277 484 3331 Ο
508 3279 511 3346 λ
536 3269 670 3342 *ἀκίσθη
684 3275 738 3328 AB
757 3270 859 3348 ᾠκήθη
878 3275 980 3330 Reiske
999 3269 1099 3346 ᾠκεῖτο

88 3350 203 3421 Madvig
216 3347 287 3402 Adv.
306 3347 319 3400 I
339 3342 444 3416 724Ιὴ
465 3346 670 3403 οω.Αοδδ.Β
746 3351 777 3400 15
797 3343 929 3414 κύθηραν
948 3346 970 3397 Β
992 3344 1099 3413 Ινῆσον

94 3417 231 3490 ἓτέρανΒ
260 3413 360 3487 ἑτέραν
378 3420 509 3486 νήσονΒ
591 3424 623 3472 18
649 3413 793 3488 ἕτέρωνΒ
827 3421 832 3486 Ι
865 3436 929 3471 τινα
947 3411 1100 3468 αἰνείουΒ

111 3498 143 3548 20
160 3493 321 3546 κιναίθειον
332 3506 353 3546 ο.
364 3490 492 3545 Meineke
546 3494 579 3544 23
591 3483 811 3559 ὑπολειπόμενοι
820 3488 852 3558 0,
863 3504 931 3542 corr.
942 3484 1100 3552 Stephanus
