2454 3916
536 235 701 288 -Α-
1080 235 1121 301 31

156 383 205 469 οἷς
227 378 472 477 ἀναμιχθέντες
494 390 637 476 δεκάτην
661 393 844 479 ἐκπέμψατε
870 400 1000 486 Φοίβῳ-

152 498 208 564 καὶ
229 495 377 584 κεφαλάς
398 501 553 587 Κρονίδη
576 498 632 565 καὶ
653 501 700 589 τῷ
712 500 824 586 ’πατρὶ
845 503 984 588 πέμπετε
1009 508 1112 591 φῶτα.

196 622 268 688 XX.
288 619 448 689 Ἐλθούσι
472 618 514 707 δὴ
528 634 598 700 τοῖς
619 619 802 710 Ἀβοριγῖσι
817 622 880 691 σὺν
903 630 1009 714 πολλῇ
1025 646 1121 714 στρα-

104 731 162 816 τιᾷ
186 728 353 813 ἱκετηρίας
375 731 410 794 οί
421 728 593 812 Πελασγοὶ
615 733 847 814 προτείνοντες
869 728 972 816 ὁμόσε
994 738 1121 819 χωρού-

48 840 84 890 ⁶²
105 853 162 901 σιν
186 832 330 901 ἄνοπλοι
353 833 536 921 φράζοντές
557 860 592 901 τε
615 833 673 913 τὰς
697 836 824 903 ἑαυτῶν
846 835 948 922 τύχας
969 840 1024 906 καὶ
1048 839 1148 906 δαί-ε

103 965 202 1027 μενοι
229 937 313 1028 πρὸς
339 944 457 1025 φιλίαν
488 941 649 1018 δέξασθαι
672 945 760 1027 σφᾶς
789 947 970 1022 συνοίκους
993 942 1035 1012 ού
1062 953 1119 1013 λυ-

100 1044 234 1134 πηροὺς
256 1047 452 1132 ἐσομένους,
481 1047 551 1114 ἐπεὶ
572 1047 628 1114 καὶ
651 1045 689 1115 τὸ
720 1048 900 1135 δαιμόνιον
928 1047 1050 1130 αύτούς
1073 1057 1120 1132 είς

100 1152 207 1239 τήνδε
231 1151 340 1238 μόνην
363 1150 438 1238 άγει
460 1149 522 1238 την
543 1152 667 1238 χώραν,
692 1154 908 1241 ἐξηγούμενοι
930 1154 968 1224 τὸ
992 1157 1119 1243 λόγιον.

101 1271 174 1337 τοῖς
207 1257 245 1324 δέ
270 1255 456 1344 Ἀβοριγῖσι
488 1263 591 1327 ταύτα
622 1263 832 1346 πυθομένοις
865 1261 974 1330 ἐδόκει
1007 1268 1159 1332 mbae-2

10 1383 13 1386 ’
102 1373 188 1432 σθαι
220 1368 266 1456 τῷ
296 1370 491 1455 θεοπροπίῳ
522 1366 578 1432 καὶ
608 1372 725 1451 λαβεῖν
755 1373 945 1454 συμμαχίαν
968 1367 1118 1456 Έλληνι
1134 1391 1159 1430 10

100 1469 168 1558 τὴν
195 1469 278 1539 κατά
299 1475 369 1539 τῶν
397 1470 575 1557 διαφόρων
598 1477 694 1557 σφίσι
722 1473 924 1560 βαρβάρων,
952 1478 1117 1563 πονουμέ

101 1603 177 1655 νοις
199 1581 245 1667 τῷ
268 1575 352 1665 πρὸς
375 1574 453 1655 τοὺς
476 1576 639 1657 Σικελοὺς
665 1581 808 1670 πολέμῳ.
854 1582 1060 1650 σπένδονταί
1082 1609 1118 1652 τε

103 1681 146 1769 δὴ
174 1680 258 1770 πρδς
283 1681 363 1761 τοὺς
385 1681 583 1768 Πελασγούς
610 1685 666 1751 καὶ
690 1684 847 1754 διδόασιν
875 1684 989 1767 αὐτοῖς
1012 1695 1117 1776 χωρία

102 1792 162 1875 τῆς
185 1789 314 1855 ἑαυτῶν
337 1785 588 1874 ἀποδασάμενοι
611 1788 650 1857 τά
676 1792 751 1877 περὶ
778 1789 840 1877 τὴν
864 1790 959 1880 ίεράν
983 1800 1116 1882 λίμνην,

101 1896 140 1962 ἐν
165 1887 216 1973 οἷς
237 1885 282 1980 ἦν
304 1891 344 1961 τά
366 1893 473 1963 πολλὰ
498 1894 623 1983 ἑλώδη,
651 1893 673 1963 ά
697 1901 763 1965 νύν
785 1896 868 1965 κατὰ
891 1898 952 1967 τὸν
975 1898 1115 1987 άρχαῖον
1132 1920 1157 1962 16

100 2005 162 2088 τῆς
195 2002 369 2070 διαλέκτου
401 2001 528 2088 τρόπον
562 2000 685 2070 Οὐέλια
718 2000 923 2090 ὀνομάζεται.
969 2005 1156 2092 σύνηθεςδ

100 2105 166 2193 γάρ
189 2098 232 2193 ἦν
263 2119 333 2186 τοῖς
363 2104 514 2195 ἀρχαίοις
538 2105 698 2193 Ἕλλησιν
730 2106 774 2188 ὡς
804 2107 974 2179 τὰπολλὰ
1003 2137 1116 2200 προτι-

98 2214 203 2283 θέναι
225 2217 294 2280 τῶν
317 2211 511 2300 ὀνομάτων,
535 2212 670 2282 ὁπόσων
694 2219 731 2282 αί
752 2213 850 2302 άρχαὶ
873 2215 938 2283 άπδ
963 2221 1115 2304 φωνηέν-

98 2346 169 2388 των
201 2321 374 2405 ἐγίνοντο,
405 2318 468 2405 τὴν
500 2326 543 2385 ὀῦ
570 2318 743 2407 συλλαβὴν
773 2323 825 2389 ἐνὶ
857 2328 1008 2412 στοιχείῳ
1036 2350 1115 2409 γρα-

42 2451 78 2502 ⁶3
98 2427 264 2513 φομένην.
294 2430 395 2494 τούτο
419 2425 450 2492 δ’
476 2419 519 2513 ἦν
543 2424 652 2512 ὥσπερ
676 2426 790 2513 γάμμα
814 2430 939 2505 διτταῖς
962 2428 1015 2495 ἐπὶ
1034 2434 1114 2515 μίαν
1128 2449 1156 2490 εο

98 2531 212 2621 ὀρθὴν
240 2530 520 2619 ἐπιζευγνύμενον
542 2547 614 2612 ταῖς
643 2538 813 2618 πλαγίοις,
842 2530 887 2611 ὡς
914 2536 1030 2621 ίελίνη
1058 2536 1114 2603 καὶ

97 2636 205 2719 saiva}
228 2638 284 2704 καὶ
305 2650 419 2716 ίοῖκος
440 2638 496 2704 καὶ
518 2636 603 2724 ίαὴρ
630 2639 686 2705 καὶ
709 2634 816 2705 πολλά
837 2642 985 2707 τοιαῦτα.
1029 2646 1113 2709 ἔπει-
1132 2646 1154 2710 4

96 2771 140 2812 τα
162 2741 265 2831 μοῖρά
287 2769 337 2822 τις
359 2741 473 2811 αὐτῶν
493 2741 553 2811 οὐκ
568 2745 732 2830 ἐλαχίστη,
757 2741 802 2824 ὡς
824 2741 845 2831 ἡ
868 2748 909 2830 γῆ
933 2749 1036 2814 πᾶσιν
1052 2746 1114 2816 ούκ

97 2849 241 2937 άπίχρη,
268 2854 439 2928 πείσαντες
466 2847 545 2928 τοὺς
565 2847 777 2937 Ἀβοριγῖνας
799 2849 1018 2939 συνάρασθαί
1037 2872 1112 2940 σφι-

96 3075 148 3150 ἡδ’
167 3080 214 3135 Bb
252 3074 307 3134 οἶδ’
327 3080 372 3135 Ba
387 3082 392 3149 Ι
408 3075 597 3152 άβοριγινὲων
614 3082 637 3135 Β
656 3082 686 3136 et
705 3080 802 3151 Steph.
821 3082 885 3151 Byz.
905 3076 1134 3153 άβορειγενέων·

95 3150 221 3206 Macrob.
294 3153 455 3222 2Κρονίδη
474 3152 496 3206 0
517 3152 583 3223 αίδη
602 3151 726 3208 Macrob.
752 3154 757 3220 Ι
782 3153 900 3206 κάτωΒ
973 3159 1005 3206 11
1025 3173 1112 3207 κατα-

96 3220 286 3305 πονουμένοις
310 3237 340 3277 ο.-
353 3221 441 3277 Cobet
459 3222 523 3276 obs.
542 3242 569 3293 p.
589 3229 624 3277 24
685 3229 717 3276 14
736 3217 984 3292 άποδυσάμενοιΒ
1041 3230 1072 3276 15
1092 3218 1111 3276 ἃ

95 3292 148 3346 καὶ
164 3312 220 3346 νυν
242 3308 266 3348 ο.
286 3291 427 3362 Kieesh‘ng
488 3300 522 3348 16
546 3289 733 3367 ούὲλ<ει>αΒ
799 3300 833 3348 20
853 3295 980 3362 δίγαμμα
999 3292 1110 3416 Sauspe

96 3363 167 3432 Eph.
188 3361 265 3444 Goth
290 3369 359 3445 1861
383 3381 410 3444 ρ.
434 3369 504 3418 1860
523 3359 580 3434 γάμ
602 3384 620 3418 α
643 3359 799 3489 Βγράμμα
818 3365 842 3418 Α
923 3369 955 3416 21
976 3369 1038 3424 ταῖς
1075 3363 1111 3417 el.

96 3433 243 3489 anesms
262 3433 340 3488 Mne.
360 3435 420 3488 ont.
439 3452 465 3503 p.
485 3434 553 3489 9511
596 3430 677 3502 ἕλε’νη
697 3434 732 3522 (ἐξ
747 3435 814 3502 λε’νη
828 3434 861 3502 Β)
880 3433 929 3519 καί
946 3429 1042 3517 ξάναξ
1061 3432 1111 3487 καί

96 3499 198 3568 fuluos
215 3501 305 3574 (οἶκος
322 3502 346 3558 f
363 3503 395 3570 B)
418 3506 470 3558 AB
543 3511 577 3559 22
600 3506 649 3560 καλ
665 3503 787 3575 άαηρΒ
815 3505 864 3558 καλ
881 3503 1021 3570 ,ΡανηρΑ
