2438 3908
394 1129 737 1260 amandatio.

539 1382 627 1390 ..—

133 1478 294 1572 'Spatium
321 1487 441 1573 viginti
470 1486 611 1572 quinque
640 1509 798 1552 annorum
827 1507 929 1571 prope
953 1488 1003 1551 est
1027 1484 1089 1550 ela·

75 1616 185 1679 psum,
208 1600 384 1679 postquam
402 1593 574 1678 Adelphus
593 1593 813 1677 Kiesalingiue
836 1590 971 1678 Dionysi
996 1591 1089 1657 Hali-

78 1700 281 1765 camesensis
298 1701 533 1784 antiquitatum
554 1721 763 1766 romanarum
780 1699 932 1765 volumen
945 1699 1088 1784 primum

77 1807 110 1871 in
136 1807 243 1872 lucem
271 1806 381 1873 edidit.
428 1806 490 1884 Qui
516 1810 627 1872 tamen
655 1806 700 1871 eit
726 1806 864 1891 factum,
895 1810 933 1871 ut
954 1806 1006 1870 vir
1032 1805 1088 1869 ille

78 1913 293 1992 clarissimus,
324 1913 414 1979 cuiue
446 1914 564 1978 merita
590 1913 625 1977 in
647 1912 841 1996 Dionysium
865 1933 993 1978 summa
1016 1932 1088 1976 esse

75 2021 162 2084 inter
184 2042 297 2086 omnes
320 2023 459 2105 constat,
481 2020 565 2085 hano
589 2019 763 2085 editionem
787 2019 924 2084 alteram
946 2039 1013 2084 non
1035 2040 1090 2083 ou-

77 2126 212 2211 raverit,
237 2127 299 2192 hoo
327 2131 399 2192 loeo
423 2148 582 2211 exponere
604 2127 745 2192 alienum
768 2125 895 2191 videtur
925 2147 1005 2191 esea.
1050 2124 1089 2189 Id

76 2255 177 2297 unum
205 2233 306 2318 igitur
328 2254 581 2299 commemorare
603 2233 684 2299 mihi
706 2233 816 2314 liceat,
843 2255 918 2298 oum
941 2236 1017 2298 ante
1040 2232 1088 2296 bi·

79 2338 209 2402 ennium
242 2339 453 2405 aTeubnero
482 2341 676 2425 appellarer,
708 2345 745 2404 ut
767 2361 885 2405 novam
913 2338 1088 2404 editionem

76 2443 217 2528 Dionysi
241 2445 474 2530 antiquitatum
498 2466 558 2531 ego
581 2467 742 2530 pararem,
764 2466 803 2509 ea
826 2465 908 2529 quae
930 2443 1089 2508 Kiesslin-

76 2552 151 2636 gius
175 2551 216 2622 ad
238 2552 391 2618 volumen
412 2553 554 2637 primum
581 2551 740 2618 edendum
764 2549 956 2617 contulisset
989 2572 1009 2614 a
1040 2549 1088 2614 bi·

76 2656 224 2741 bliopola
250 2658 496 2742 honestissimo,
524 2659 613 2723 euius
641 2659 677 2722 in
699 2657 849 2722 manibus
873 2661 978 2741 erant,
1005 2656 1088 2721 mihi

76 2785 146 2829 esse
170 2764 303 2830 tradita.
342 2763 403 2829 Hie
426 2786 503 2830 vero
527 2764 681 2830 subsidiis
705 2765 889 2848 multisque,
912 2753 993 2848 quae
1017 2765 1089 2847 ipse

76 2891 196 2956 magno
224 2871 338 2936 labore
362 2871 493 2956 collegi,
524 2871 703 2936 instructus
727 2870 769 2936 ad
791 2870 892 2936 libros
916 2872 986 2935 eius
1011 2869 1088 2934 sari·

76 2977 180 3060 ptorie
200 2977 341 3043 edendos
361 2997 535 3062 aggressus
555 3000 636 3059 eum,
659 2978 710 3043 aui
729 2999 862 3062 operam
881 2976 1088 3060 studiumque

76 3083 199 3148 multos
223 3105 327 3149 annos
349 3083 519 3148 natabam.
550 3083 603 3149 Ad
625 3083 819 3168 Dionysium
843 3089 953 3150 autem
976 3087 1013 3148 ut
1035 3103 1088 3146 me
1156 3096 1163 3105 ·

77 3189 274 3273 applicarem
310 3190 375 3255 fuit
411 3190 491 3255 olim
528 3195 642 3255 auctor
672 3188 855 3255 Friderious
888 3188 1088 3254 Ritsahelius

76 3299 271 3380 praeceptor
298 3294 380 3360 mihi
404 3295 604 3380 carissimus,
631 3318 651 3360 a
675 3317 738 3379 quo
763 3295 869 3380 primo
894 3295 990 3360 simul
1015 3316 1086 3358 eum

77 3401 263 3467 Athanasio
281 3401 456 3467 Ambrosio
481 3402 522 3467 ab
546 3402 659 3467 inferis
683 3407 720 3468 ut
742 3403 789 3467 ita
807 3401 912 3466 dioam
934 3402 997 3467 hoo
1020 3400 1088 3483 qui·

893 3503 931 3561 ἢ)
