2454 3916
557 211 723 262 ..Γ-

134 371 207 436 δείν
230 364 312 436 κατὰ
334 364 372 435 τό
391 366 511 455 παρόν,
535 367 597 447 ἕως
614 361 658 434 ἀν
677 363 737 453 ὑφ’
760 366 865 458 ἑαυτῷ
889 364 1067 453 ποιήσηται
1086 363 1149 433 τὸν

133 472 259 561 ἀνδρα,
286 470 360 542 ἀλλ’
385 476 536 543 ἐπαινεῖν
563 497 599 542 τε
625 471 687 561 τὴν
717 470 932 560 ἀναχώρησιν
956 470 1061 541 αὐτοῦ
1085 469 1149 559 τὴν

134 581 187 648 ἐπὶ
209 579 250 650 τά
272 582 420 670 μετέωρα
442 579 527 671 πρὸς
547 578 693 662 πολλοὺς
716 583 785 650 νῦν
807 578 988 665 παρόντων
1013 576 1058 659 τός
1080 577 1148 647 ἀπὸ

133 685 258 768 παντὸς
284 691 345 757 τοῦ
371 693 546 774 βελτίστου
573 689 761 775 γενομένην
789 686 967 773 ἐσκήπτετο
994 687 1050 755 καὶ
1078 690 1149 754 τῶν

107 796 262 863 τίππέων
289 794 414 883 μοῖράν
441 821 518 864 τινα
540 797 671 881 πέμψας
698 790 743 874 ὡς
769 791 874 863 αύτὸν
897 791 994 881 ἠξίου
1016 797 1150 862 τελείαν

134 898 378 983 ἀποδείξασθαι
409 899 471 988 την
502 905 715 991 προθυμίαν,
746 899 825 988 τούς
851 898 902 988 μὴ
935 901 1152 986 δυνηθέντας

134 1011 182 1087 είς
207 1004 249 1075 τὰ
275 1013 365 1095 τείχη
392 1012 461 1077 τῶν
488 1011 685 1096 Φιδηναίων
712 1006 935 1095 καταφεύγειν
958 1004 1032 1075 ἀλλ’
1059 1008 1152 1075 έσκε-

135 1115 325 1200 δασμένονς
356 1111 421 1182 ἀνὰ
453 1113 517 1201 τὴν
546 1112 660 1202 χάραν
693 1110 840 1201 συχνοὺς
872 1110 973 1192 ὄντας
1001 1112 1153 1183 κελεύων

95 1221 115 1287 3
135 1218 403 1308 διερευνώμενον
426 1218 645 1290 ἀποκτείνειν.
689 1218 842 1300 κάκεῖνος
865 1216 911 1299 ὡς
930 1218 1081 1307 θάτερον
1100 1211 1152 1287 ὧν

95 1353 121 1393 ιο
134 1323 253 1413 η”λπισε
294 1329 582 1416 διαπεπραγμένος
626 1327 682 1396 καὶ
724 1323 877 1413 λεληθῦς
916 1323 977 1394 τὸν
1017 1325 1153 1395 Τύλλον

135 1435 248 1522 ἔχαιρέ
275 1459 311 1502 τε
341 1433 398 1502 καλ
430 1436 526 1522 μέχρι
561 1438 690 1503 πολλοῦ
726 1432 946 1501 καθιππεύων
977 1433 1018 1501 τὰ
1050 1435 1153 1502 πεδία

133 1539 212 1620 τοὺς
242 1542 604 1629 καταλαμβανομένους
637 1542 849 1630 διέφθειρεν,
881 1537 947 1627 ἥδη
981 1538 1020 1606 δέ
1051 1542 1153 1608 δεδυ·

133 1644 231 1725 κότος
252 1644 351 1734 ἡλίου
373 1645 452 1727 τοὺς
475 1650 592 1727 ίππέας
613 1638 699 1734 ἧκεν
718 1643 810 1731 ἀγων
832 1647 884 1714 ἐπὶ
907 1644 947 1714 τὸ
969 1644 1153 1731 στρατόπε-

135 1755 199 1820 δον
215 1751 253 1821 τὸ
268 1749 453 1840 Ῥωμαϊκὸν
471 1755 508 1822 ἐκ
530 1755 591 1822 τοῦ
610 1756 762 1840 διωγμοῦ
780 1750 917 1839 κοίτην
936 1752 1153 1821 ἐπελθοῦσαν

135 1857 240 1927 νύκτα
263 1861 300 1927 έν
324 1857 520 1940 εὐπαθείαις
542 1859 610 1948 ἅμα
628 1873 699 1940 τοῖς
718 1860 861 1947 ἑταίροις
877 1851 931 1945 ἦν.
966 1856 1043 1927 ὁδὶ
1066 1858 1153 1928 Τύλ-
1180 1865 1183 1871 '

135 1972 193 2046 λος
222 1967 259 2033 έν
287 1971 332 2060 τῷ
361 1965 577 2036 Οὐιεντανῶν
609 1966 728 2054 χάρακι
755 1971 872 2054 μείνας
903 1963 980 2053 ἀχρι
1011 1964 1202 2054 πράτηςιεε

136 2075 288 2160 φυλακῆς
318 2075 374 2142 καί
405 2073 483 2155 τοῦς
515 2074 800 2163 ἐπιφανεστάτους
829 2077 899 2142 τῶν
928 2072 1154 2161 αίχμαλάτων

135 2176 333 2268 ἀνακρίνας,
359 2185 449 2260 τίνες
476 2173 563 2269 ἦσαν
593 2184 629 2249 οί
651 2185 710 2268 τῆς
737 2178 950 2260 ἀποστάσεως
976 2176 1152 2266 ἡγεμόνες,

136 2284 181 2366 ὡς
208 2292 314 2374 έμαθε
340 2287 396 2355 καί
423 2285 485 2355 τὸν
504 2284 669 2373 Ἀλβανὸν
694 2289 841 2356 Μέττιον
873 2289 1084 2374 Φουφέττιον
1114 2290 1152 2357 έν

95 2407 205 2474 εοτοῖς
233 2395 524 2482 συνομοσαμένοις
550 2391 758 2483 ὑπάρχοντα,
790 2391 890 2474 δόξας
917 2391 1082 2483 συνᾴδειν
1110 2392 1152 2462 τὰ

135 2501 329 2590 πραχθέντα
346 2498 403 2569 ὑπ’
420 2497 526 2570 αύτοῦ
543 2514 614 2581 τοῖς
626 2500 853 2588 μηνυομένοις
865 2496 931 2568 ῦπδ
950 2503 1019 2568 τῶν
1032 2504 1152 2589 αίχμα-

95 1834 117 1897 4

95 1920 121 1962 15

135 2606 253 2677 λύτων
282 2605 409 2693 ἀναβὰς
437 2608 490 2676 έπλ
521 2605 582 2676 τὸν
610 2610 715 2677 ἵππον
741 2608 797 2675 καὶ
823 2604 903 2688 τοὺς
929 2606 1153 2688 πιστοτάτους

135 2717 203 2782 τοῦν
231 2714 373 2800 ἑταίρων
400 2711 605 2802 παραλαβὼν
632 2710 715 2802 πρὸς
741 2712 804 2801 τὴν
831 2712 933 2782 πόλιν
950 2710 1151 2801 ἀφιππεύει·

96 2824 118 2890 5
136 2820 192 2887 καὶ
214 2817 280 2907 πρὸ
303 2821 416 2906 μέσων
438 2823 572 2888 νυκτῶν
591 2821 713 2888 ἐκτῶν
733 2823 850 2888 οίκιῦν
869 2816 950 2898 τοῦς
966 2817 1153 2904 βουλευτὰς

96 2946 122 2988 2⁵
137 2928 342 3012 συγκαλέσας
367 2926 430 3014 τήν
457 2953 493 2994 τε
519 2930 707 3015 προδοσίαν
737 2923 852 3006 αύτοίς
878 2926 966 3022 λέγει
997 2923 1061 3012 τὴν
1090 2929 1153 2994 τοῦ

133 3031 298 3119 Ἀλβανοῦ
326 3032 497 3120 μάρτυρας
525 3031 605 3113 τούς
635 3032 866 3120 αίχμαλοότους
897 3031 1153 3120 παρασχόμενος

135 3141 192 3208 καί
211 3136 252 3210 δν
270 3139 398 3230 τρόπον
413 3137 514 3220 αύτὸς
527 3139 811 3228 κατεστρατήγησε
828 3138 908 3219 τούς
920 3163 957 3207 τε
969 3144 1153 3227 πολεμίους

196 3330 295 3426 ,1,έφ’
316 3331 408 3411 έαυτῷ
426 3351 450 3391 ο.
470 3333 744 3426 CobetObs.13.6'1
796 3340 839 3418 Ι2
862 3329 959 3389 *ἀλλὰ
979 3330 1112 3390 ἀπαιτεῖν
1130 3335 1152 3392 0

138 3413 172 3464 15
191 3405 299 3479 ετέροις
320 3408 366 3462 Ba
430 3412 463 3462 18
481 3407 556 3469 τίνες
574 3423 643 3461 ποτε
661 3424 734 3476 ηοαν
751 3407 856 3462 Relske
924 3412 957 3461 19
976 3406 1154 3475 φουφέττιον

137 3479 233 3535 οω.Β
288 3485 323 3534 23
341 3479 398 3534 τῦν
417 3474 522 3550 έτέρων
539 3479 583 3534 Ba
636 3481 671 3535 2⁷
689 3472 756 3541 τούς
769 3495 800 3533 τε
814 3479 953 3549 κρυφίους
966 3495 995 3534 π.
1009 3493 1034 3534 υ.
1048 3477 1154 3535 Reieke

116 3664 156 3671 ..μ-
