2454 3916
514 212 678 266 -Α-
1061 209 1103 273 37

85 401 177 462 μενα.
214 379 247 443 εί
271 377 313 442 δέ
333 400 364 441 τι
379 372 540 458 διαφύγοι
563 370 623 439 τὸν
638 373 674 440 ἐκ
696 376 764 440 τῶν
789 369 925 440 ὠδίνων
939 375 1104 440 κίνδυνον

85 487 235 569 ἔμπηρον
267 477 288 567 ἢ
321 478 433 559 ἀτελὲς
460 475 480 565 ἢ
510 476 554 546 δι’
581 477 689 565 ἀλλην
716 477 793 547 τινὰ
814 478 920 567 τύχην
946 477 1103 566 βλαφθὲν

83 590 271 676 τρέφεσθαι
296 583 442 673 χρηστὸν
465 583 526 654 οὐκ
548 578 608 672 ἦν·
639 591 749 654 ἔπειτα
778 583 893 654 καὶτὸ
918 584 1000 654 ἀλλο
1023 588 1104 672 πλῆ-

84 704 148 774 θος
169 691 210 763 τὸ
235 695 273 762 ἕν
303 691 390 782 ἀκμῇ
419 692 562 780 μάλιστα
591 695 750 762 ἐκακοῦτο
778 692 894 771 νόσοις
917 692 973 758 καὶ
995 691 1145 827 θανά-4

83 827 155 880 τοις
181 797 274 888 παρὰ
302 797 343 867 τὰ
366 798 477 867 είκότα
505 813 651 886 συχνοῖς.
697 799 960 886 μαντευομένοις
988 796 1019 864 θ’
1045 795 1131 892 αὐ-5

83 921 155 987 τοῖς
186 911 263 976 τίνα
295 908 389 974 θεῶν
421 901 442 991 ἢ
476 905 650 992 δαιμόνων
681 903 892 994 παραβάντες
927 902 1007 971 τάὃε
1043 903 1104 971 πά-

84 1033 206 1100 σχουσι
228 1012 284 1079 καὶ
298 1017 334 1080 τί
352 1010 533 1099 ποιήσασιν
554 1010 668 1091 αὐτοῖς
691 1015 847 1099 λωφῆσαι
869 1008 910 1079 τά
935 1009 1030 1079 δεινά
1054 1013 1104 1080 έλ-

82 1126 154 1205 πίς,
183 1116 203 1188 ὁ
227 1117 309 1200 θεὸς
337 1116 471 1188 ἀνεῖλεν
494 1116 546 1186 ότι
576 1118 734 1206 τυχόντες
763 1109 812 1187 ἀν
836 1117 1018 1205 ἐβούλοντο
1044 1116 1104 1186 οὐκ

83 1225 258 1295 ἀπέδοσαν
290 1221 311 1292 ἀ
339 1224 500 1309 εὔξαντο,
532 1221 617 1292 ἀλλά
648 1230 913 1312 προσοφείλουσι
944 1223 984 1294 τὰ
1014 1230 1103 1294 πλεί-
1125 1297 1140 1315 μ

83 1353 169 1402 στου
192 1331 279 1414 ἀξια.
320 1336 355 1400 οί
376 1329 441 1419 χάρ
464 1333 635 1417 Πελασγοὶ
658 1330 803 1420 ἀφορίας
830 1330 945 1411 αὐτοῖς
967 1318 1144 1426 χενομέ-,ἳ

82 1467 147 1527 νης
168 1441 208 1508 ἐν
233 1442 271 1528 τῇ
299 1443 342 1527 γῇ
370 1437 508 1507 πάντων
535 1438 714 1527 χρημάτων
744 1437 882 1519 εὔξαντο
909 1442 955 1529 τῷ
984 1465 1019 1506 τε
1043 1439 1103 1504 Aa

82 1548 140 1616 καὶ
161 1551 209 1639 τῷ
230 1544 415 1614 Ἀπόλλωνι
437 1547 492 1613 καὶ
523 1559 594 1625 τοῖς
616 1551 798 1634 Καβείροις
820 1545 1027 1613 καταθύσειν
1052 1548 1104 1613 δε·

28 1676 63 1724 ον
82 1653 187 1734 κάτας
217 1657 287 1721 τῶν
319 1654 645 1740 προσγενησομένων
678 1650 859 1738 ἁπάντων,
890 1657 1105 1738 τελεσθείσης
1201 1679 1206 1691 ·

83 1760 122 1830 δὲ
145 1764 206 1847 τῆς
234 1758 334 1846 εὐχῆς
362 1759 550 1846 ἐξελόμενοι
578 1763 716 1848 καρπῶν
740 1786 774 1828 τε
801 1763 857 1827 καλ
880 1757 1103 1847 βοσκημάτων
1199 1839 1202 1843 .

83 1864 247 1935 ἁπάντων
269 1862 307 1932 τὸ
332 1865 434 1952 λάχος
456 1863 633 1935 ἀπέθυσαν
660 1879 730 1945 τοῖς
751 1874 861 1951 θεοῖς,
886 1863 931 1946 ὡς
954 1865 997 1953 δὴ
1018 1862 1101 1934 κατὰ
1116 1884 1142 1925 1⁵

82 1972 216 2043 τούτων
240 1970 355 2059 μόνων
379 1969 564 2059 εὐξάμενοι.
596 1975 699 2040 ταῦτα
723 1971 765 2059 δὴ
792 1978 970 2059 Μυρσίλος
998 1970 1016 2041 ὁ
1041 1975 1103 2039 Λέ-

84 2084 183 2165 σβιος
206 2077 380 2164 ίστόρηκεν
406 2075 524 2164 ὀλίγον
539 2081 611 2146 δεῖν
630 2094 702 2158 τοῖς
724 2077 838 2159 αὐτοῖς
856 2077 1001 2167 ὀνόμασι
1024 2077 1104 2166 γρά-
1136 2126 1137 2131 1

84 2211 162 2272 φων
192 2179 243 2264 οἷς
275 2181 339 2270 έχώ
367 2187 448 2270 νῦν,
480 2183 568 2271 πλὴν
597 2182 680 2253 ὅσον
714 2184 756 2253 οὐ
784 2185 1106 2271 Πελασγοὺςκαλεῑ

83 2290 165 2372 τοὺς
188 2290 405 2379 ἀνθρώπους,
428 2289 512 2360 ἀλλά
531 2291 739 2379 Τυρρηνούς·
762 2290 825 2378 τὴν
846 2290 878 2359 δ’
905 2297 1016 2361 αἰτίαν
1036 2290 1103 2360 ὀλί

83 2426 149 2486 χον
173 2395 317 2485 ὕστερον
341 2400 417 2486 ἐρῶ.
600 2433 602 2437 ·
939 2453 943 2461 ,
1116 2415 1144 2455 ιο

171 2507 310 2573 XXIIII.
329 2503 444 2594 2232&
462 2504 692 2593 ἀπενεχθέντα
710 2504 771 2575 τὸν
790 2502 941 2594 χρησμὸν
962 2509 1104 2591 ἔμαθον,

86 2612 149 2683 οὐκ
181 2611 274 2700 εἶχον
306 2612 346 2690 τὰ
379 2612 542 2700 λεγόμενα
579 2619 774 2700 συμβαλεῖν.
819 2610 1029 2699 ἀμηχανοῦσι
1066 2609 1104 2678 δὲ

36 2738 67 2788 63
84 2719 202 2804 αὐτοῖς
224 2722 292 2788 τῶν
315 2722 518 2806 γεραιτέρων
532 2747 582 2799 τις
605 2722 693 2806 λέχει
708 2716 890 2806 συμβαλὼν
913 2716 951 2788 τὸ
975 2716 1104 2803 λόγιον,

86 2826 139 2895 ὅτι
168 2829 230 2895 τοῦ
260 2823 385 2904 παντὸς
416 2823 663 2912 ἡμαρτήκασιν,
694 2831 725 2894 εί
748 2834 877 2894 οίονται
900 2823 978 2905 τοὺς
1000 2821 1104 2905 θεοὺς

86 2931 211 3012 ἀδίκως
241 2929 356 3010 αὐτοῖς
386 2933 548 3017 ἐγκαλεῖν.
594 2925 773 3020 χρημάτων
804 2930 866 3017 μὲν
889 2929 953 3016 γὰρ
983 2929 1102 3000 ἀποδε-
1117 2948 1144 2989 2⁶

88 3039 214 3117 δόσθαι
237 3035 296 3117 τὰς
318 3035 468 3125 ἀπαρχὰς
492 3035 606 3117 αὐτοῖς
628 3035 758 3116 ἀπάσας
773 3036 886 3126 ὀρθῶς
908 3064 942 3105 τε
965 3039 1020 3105 καὶ
1039 3034 1103 3106 σὺν

89 3148 180 3234 δίκη,
211 3142 406 3230 ἀνθρώπων
438 3143 476 3211 θλ
498 3147 603 3231 γονῆς
629 3141 666 3212 τὸ
698 3143 813 3231 λάχος,
843 3147 952 3231 χρῆμα
980 3140 1104 3222 παντὸς

160 3405 342 3479 6δαιμόκων
374 3411 472 3464 δίκαια
504 3411 550 3465 vel
583 3404 647 3464 ὅσια
679 3410 725 3464 vel
752 3405 859 3479 νόμιμα
892 3425 915 3461 ο.
944 3405 1102 3475 Stephanus

95 3485 126 3532 16
145 3475 232 3548 μόνον
259 3475 366 3550 Alth]
386 3481 408 3534 Β
427 3479 458 3536 δὲ
479 3485 504 3535 Α
565 3487 597 3535 17
617 3475 755 3549 ὀνόμασιν
779 3481 804 3532 Α
859 3484 893 3532 24
912 3474 1102 3547 οίοντ<αι>Β
