2454 3916
552 245 717 294 ..Γ-

128 396 233 467 αύτὸν
265 403 313 478 είς
343 398 405 486 τήν
438 397 568 488 ἀγορὰν
600 396 782 486 ἀπολογίας
813 397 912 489 χάριν
950 399 1144 482 ἐξελαύνειν

129 508 346 593 ἐπεχείρησαν
370 503 415 586 ὡς
437 503 478 574 ού
501 506 669 595 καθαρόν·
693 504 735 574 ού
758 504 824 593 μὴν
843 513 1148 594 καταγωνίσασθαί

127 638 166 697 γε
197 609 260 698 τήν
292 610 458 699 ἀλήθειαν
491 622 633 701 ίσχνσαν
666 611 748 681 ούδέ
783 627 896 682 πείσαι
932 612 993 682 τὸν
1030 618 1144 702 δῆμον

82 713 108 784 ’7
129 718 349 805 ἐδυνήθησαν
378 721 531 805 ἐκβαλεῖν
559 718 663 789 αύτὸν
694 721 729 787 ἐκ
756 723 815 807 τής
841 717 954 808 ἀρχῆς.
1004 721 1076 789 ἐπεὶ
1099 720 1200 794 δέῠνσ

101 823 229 905 σαύτός
251 852 286 893 τε
313 823 539 912 ἀπολογηθεὶς
564 823 724 912 κράτιστα
751 826 826 915 περὶ
856 823 962 894 αὑτοῦ
984 823 1045 913 τήν
1071 830 1145 894 δια-

127 928 234 1018 βολήν
264 931 452 1000 ἀπελύσατο
480 933 539 1000 καὶ
566 930 585 1000 ὅ
612 931 774 1019 κηδεστής
801 929 907 1000 αὐτοῦ
934 930 1091 1018 Τύλλιος,
1116 925 1145 1025 ᾧ

128 1034 189 1122 τήν
219 1038 335 1125 ἑτέραν
364 1036 518 1116 δεδωκὼς
549 1030 592 1124 ήν
624 1039 811 1124 θυγατέρα,
844 1039 1001 1124 μέγιστον
1029 1042 1068 1108 ἐν
1095 1043 1145 1132 τῷ

129 1141 223 1237 δήμω
248 1141 437 1229 δυνάμενος
459 1146 507 1223 είς
530 1148 625 1211 ἐλεον
646 1141 726 1223 τούς
739 1141 923 1230 Ῥωμαίους
940 1141 1145 1232 ύπηγάγετο,

91 1334 94 1337 ¹
129 1246 339 1336 συκοφάνται
366 1250 422 1317 καὶ
448 1251 593 1338 πονηροὶ
626 1249 783 1331 δόξαντες
810 1247 898 1318 εἶναι
928 1250 985 1318 καὶ
1011 1250 1147 1338 πολλὴν

88 1381 116 1422 ιο
130 1352 292 1442 ὀφλόντες
315 1355 480 1443 αἰσχύνην
503 1354 661 1442 ἀπῆλθον
685 1357 721 1423 ἐκ
742 1360 802 1442 τής
824 1353 959 1444 ἀγορᾶς.

217 1464 365 1530 LXXIII.
400 1460 529 1548 Ταύτης
554 1459 596 1548 δή
618 1465 678 1547 τῆς
703 1468 819 1550 πείρας
841 1460 1065 1549 ἀποτυχόντες
1087 1465 1145 1532 καί

129 1566 311 1654 διαλλαγὰς
337 1569 396 1654 τής
424 1572 548 1656 ἐχθρας
575 1565 632 1635 διδι
659 1573 770 1655 φίλων
798 1564 977 1654 εὑρόμενοι
1001 1576 1146 1657 μετρίως

127 1673 190 1760 τήν
218 1672 466 1761 ἀγνωμοσύνην
493 1670 607 1741 αὐτων
638 1674 834 1760 ἐνέγκαντος
860 1676 923 1742 τού
949 1680 1146 1762 Ταρκυνίου

129 1777 186 1847 διὰ
208 1777 267 1860 τάς
289 1782 325 1847 ἐκ
347 1777 555 1867 τοῦπατρὸς
577 1777 768 1868 εὐεργεσίας
793 1779 850 1847 καὶ
872 1776 934 1866 τήν
958 1780 1144 1867 μετάνοιαν

89 1909 114 1951 15
129 1885 249 1972 ίκανὴν
272 1883 571 1972 ὑπολαμβάνοντος
591 1883 679 1954 εἶναι
702 1889 761 1973 τῆς
778 1890 974 1976 προπετείας
994 1887 1144 1974 διόρθω-

128 2012 184 2060 σιν
213 1996 268 2077 ἐτη
297 1990 358 2077 μὲν
385 1997 461 2078 τρία
490 1994 662 2078 διέμειναν
695 1993 732 2060 ἐν
763 1996 803 2080 τή
832 1992 1053 2081 προσποιήσει
1082 1999 1144 2082 τῆς

128 2103 254 2186 φιλίας·
287 2096 399 2184 ἐπειδὴ
428 2097 466 2166 δέ
492 2096 612 2186 καιρὸν
638 2095 810 2184 ὑπέλαβον
837 2097 1028 2184 ἐπιτήδειον
1052 2105 1142 2187 ἐχειν

89 2203 234 2272 2δόλον
262 2202 312 2272 ἐπ’
343 2201 432 2296 αὐτῷ
465 2203 628 2292 ῥάπτουσι
659 2202 808 2272 τοιόνδε·
844 2208 1045 2286 νεανίσκους
1077 2206 1141 2276 δύο

127 2315 196 2380 τάν
220 2313 256 2379 ἐκ
277 2313 336 2397 τής
358 2316 572 2397 συνωμοσίας
593 2308 672 2389 τοὺς
698 2308 967 2400 τολμηροτάτους
990 2335 1141 2400 ποιμενι-

88 2443 114 2484 εο
127 2431 202 2498 καίς
228 2414 430 2496 ἐνδύσαντες
459 2425 593 2497 στολαίς
621 2417 685 2484 καὶ.
705 2416 885 2506 δρεπάνοις
911 2425 1141 2488 καθοπλίσαν-

127 2550 179 2603 τες
202 2520 382 2612 ύλονργοίς
400 2525 589 2611 πέμπουσιν
613 2523 666 2590 ἐπὶ
683 2521 746 2610 τήν
769 2528 879 2593 οἰκίαν
898 2528 959 2594 τού
977 2531 1141 2611 βασιλέως

126 2628 259 2718 ἡμέρας
287 2628 453 2716 μεσούσης
486 2629 681 2710 διδάξαντες
716 2625 737 2696 ἀ
769 2628 832 2717 χρή
865 2632 975 2717 λε’γειν
1011 2659 1048 2701 τε
1079 2634 1186 2708 καίτοι

126 2735 284 2823 πράττειν
307 2735 363 2804 καὶ
385 2736 446 2804 τὸν
468 2735 595 2825 τρόπον
623 2740 681 2822 τής
710 2737 893 2816 ἐπιθέσεως
916 2735 1032 2818 αύτοίς
1054 2737 1139 2828 ύφη-

127 2841 320 2928 γησάμενοι.
371 2835 464 2913 οὗτοι
491 2848 634 2929 πλησίον
660 2846 729 2911 τῶν
752 2847 933 2928 βασιλείων
960 2844 1140 2933 γενόμενοι

86 2971 113 3013 ει
127 2952 236 3028 κακῶς
261 2976 296 3017 τε
324 2947 491 3036 ἀλλήλους
518 2955 633 3037 ἐλεγον
662 2946 707 3029 ὡς
733 2947 952 3035 ἀδικούμενοι
979 2952 1036 3019 καί
1060 2951 1140 3022 ούδέ

126 3053 173 3123 τά
205 3069 294 3145 χεῖρε
329 3059 398 3124 τῶν
430 3055 594 3142 σωμάτων
631 3054 807 3142 ἀπείχοντο
840 3059 904 3144 βοή
940 3040 976 3125 τε
1012 3059 1138 3149 μεγάλη

199 3282 387 3355 1ἀπολογίας
413 3282 496 3356 χάριν
518 3287 541 3340 Β
570 3302 624 3343 om.
647 3287 672 3340 R
697 3287 701 3356 Ι
727 3284 890 3352 ἐξελαύνειν
913 3289 936 3342 Β
964 3282 1138 3343 ἐλαύνεινΒ
1187 3352 1189 3356 .

126 3365 144 3414 4
164 3354 348 3427 ἐδυνήθησαν
368 3357 421 3412 del.
441 3357 531 3412 Cobet
544 3357 609 3413 Obs.
628 3376 655 3427 p.
670 3363 704 3412 73
777 3363 810 3411 10
830 3352 968 3428 ὀφλόντες
985 3359 1137 3449 ΚίεεεΙίορ,

127 3428 216 3484 Cobet
230 3428 295 3485 obs.
310 3447 337 3498 p.
359 3435 392 3484 74
410 3424 583 3499 όφλοντεςΟ
640 3434 672 3483 11
692 3424 893 3499 δήΚίεεελὶης,
913 3428 984 3484 δὲΟ
1042 3439 1073 3486 12
1092 3451 1137 3487 ευ-

126 3498 245 3571 ράμενοι
258 3501 281 3554 Β
333 3505 365 3554 15
380 3495 536 3570 διόρθωσιν
552 3497 668 3570 ἐμειναν
682 3498 736 3570 μὲν
756 3498 803 3570 ἐτη
822 3502 887 3571 τρία
906 3496 937 3556 ἐν
952 3501 975 3556 0
989 3503 1136 3570 praeterB
