2454 3916
537 102 702 155 ..Α-

110 288 182 349 χον.
215 266 251 330 οί
273 261 303 329 δ’
326 263 541 347 ἐκπλαγέντες
563 264 609 351 τῷ
628 260 807 352 παραδόξῳ
830 265 892 328 τοῦ
914 258 1051 340 πάθους
1073 261 1127 329 τωιλ

110 367 362 457 ἀμηχανοῦντες
391 366 409 436 ὅ
432 395 464 437 τι
493 366 653 455 δράσειαν
683 366 767 453 πρὸς
795 365 1027 455 ὡπλισμένους
1050 366 1127 436 ἀνο-

111 483 190 545 πλοι
214 475 398 563 μαχόμενοι
421 472 503 544 κατά
531 471 660 560 πολλὴν
686 471 858 543 εὐπέτειαν
886 473 1129 562 ἐχειρώθησαν.

72 579 130 650 3ὁ
155 583 217 670 μέν
246 575 310 651 οὖν
328 580 454 669 Ῥῶμος
481 581 533 649 ἐπὶ
563 596 633 660 τοῖς
665 585 836 669 πολεμίοις
863 579 1047 668 γενόμενος
1075 579 1129 650 ού-

73 719 85 758 5
112 715 192 774 τως,
216 687 284 756 είθ’
310 685 355 767 ως
383 685 401 756 δ
434 687 561 772 Φάβιος
588 689 805 777 παραδέδωκε
832 688 969 774 δέσμιος
996 692 1046 768 είς
1067 686 1129 775 τὴν

101 794 229 880 ’Ἁλβαν
261 793 415 881 ἀπήγετο.
466 792 634 880 Ῥωμύλος
667 792 698 861 δ’
729 792 843 882 ἐπειδὴ
881 791 920 863 τὸ
954 795 1032 880 περὶ
1068 793 1129 864 τὸν

111 900 260 988 ἀδελφὸν
286 907 371 987 έγνω
396 900 517 985 πάθος,
546 899 682 969 διώκειν
711 898 816 980 εὐθύς
843 900 926 993 ᾤετο
954 904 1028 969 δεῖν
1051 899 1130 980 τούς

110 1002 353 1095 ἀκμαιοτάτους
372 1012 458 1093 έχων
477 1010 546 1074 τῶν
565 1009 711 1094 νομέων,
730 1004 775 1087 ὡς
794 1012 842 1075 ἔτι
860 1005 943 1075 κατά
961 1004 1025 1094 τὴν
1045 1005 1129 1077 δδδν

111 1113 193 1183 ὄντα
215 1113 491 1201 καταληψόμενος
513 1113 575 1182 τὸν
593 1110 737 1200 Ῥῶμον·
761 1112 980 1201 ἀποτρέπεται
1004 1111 1037 1181 δ’
1064 1111 1129 1183 ὑπὸ

72 1251 97 1289 ιο
112 1224 173 1290 τοῦ
200 1220 401 1289 Φαιστύλου.
444 1218 535 1306 δρῶν
555 1217 618 1308 γάρ
642 1218 749 1290 αὐτοῦ
771 1219 835 1308 τὴν
854 1217 1008 1308 σπουδὴν
1032 1248 1131 1308 μανι-

110 1332 260 1418 κωτέραν
286 1319 392 1397 οὖσαν
417 1318 558 1414 <οὗτος>
582 1329 759 1415 νομισθεὶς
783 1324 801 1396 ὁ
825 1324 949 1416 πατήρ,
973 1325 1040 1414 <ἀ>
1064 1325 1155 1395 τὸντ
1171 1355 1215 1389 c

110 1427 303 1523 έμπρόσθευ
331 1435 458 1523 χρόνον
485 1431 660 1521 ἀπόρρητα
688 1432 892 1520 ποιούμενος
918 1447 989 1512 τοῖς
1016 1459 1130 1521 μειρα-

108 1547 195 1621 κίοις
223 1544 423 1626 διετέλεσεν,
454 1537 499 1620 ὡς
533 1538 577 1627 μὴ
610 1543 738 1608 θάττον
766 1537 939 1627 ὁρμήσωσι
968 1563 1129 1629 παρακιν-

110 1651 277 1715 δυνεῦσαί
300 1673 332 1714 τι
359 1648 439 1733 πρὶν
470 1649 507 1715 έν
534 1650 580 1738 τῷ
613 1651 778 1737 κρατίστῳ
811 1649 869 1732 τῆς
901 1643 1009 1734 ἀκμῆς
1040 1648 1129 1732 γενέ-

70 1780 95 1820 15
111 1761 208 1838 σθαι,
241 1756 315 1822 τότε
349 1752 391 1840 δὴ
428 1751 511 1842 πρός
548 1756 607 1840 τῆς
643 1749 791 1840 ἀνάγκης
827 1752 983 1839 βιασθεὶς
1019 1777 1129 1840 μονω-

70 1853 208 1928 4θέντι
236 1864 283 1951 τῷ
307 1858 466 1952 Ῥωμύλῳ
493 1862 591 1947 λέγει.
646 1858 795 1946 μαθόντι
823 1858 862 1926 δέ
887 1863 933 1951 τῷ
961 1865 1128 1952 νεανίσκῳ

110 1968 222 2033 πάσαν
247 1968 280 2048 ἐξ
304 1964 408 2054 ἀρχῆς
430 1964 492 2053 τὴν
520 1969 754 2053 κατασχοῦσαν
783 1963 905 2046 αύτούς
933 1964 1041 2054 τύχην
1071 1970 1129 2054 τῆς

60 2072 67 2086 ’
110 2098 145 2140 τε
174 2072 298 2161 μητρὸς
327 2071 435 2153 οἶκτος
463 2073 643 2162 είσέρχεται
673 2074 729 2140 καὶ
757 2074 950 2161 Νεμέτορος
976 2079 1128 2161 φροντίς,

109 2180 166 2247 καὶ
197 2178 304 2249 πολλά
339 2182 598 2271 βουλευσαμένῳ
636 2178 716 2267 μετά
748 2183 810 2247 τοῦ
846 2178 1041 2247 Φαιστύλου
1071 2182 1129 2266 τῆς

68 2314 94 2353 εο
108 2285 170 2374 μὲν
198 2270 316 2356 αὐτίκα
345 2283 449 2374 ὁρμῆς
480 2288 626 2374 ἐπισχεῖν
656 2285 781 2371 ἐδόκει,
808 2290 940 2353 πλείονι
965 2284 1003 2352 δὲ
1026 2309 1127 2373 παρα·
1209 2320 1218 2327 ·

108 2397 209 2482 σκευῇ
249 2392 424 2481 δυνάμεως
464 2392 678 2482 χρησάμενον
721 2391 803 2462 ὅλον
845 2390 1032 2474 ἀπαλλάξαι
1068 2390 1127 2461 τὸν
1176 2413 1218 2437 “

109 2496 204 2567 οἷκον
227 2503 285 2588 τῆς
305 2497 463 2588 Ἀμολίου
481 2506 692 2587 παρανομίας
709 2498 875 2568 κίνδυνόν
894 2525 929 2566 τε
947 2495 1009 2567 τὸν
1034 2503 1127 2587 έσχα-
1144 2535 1218 2548 --

107 2630 168 2673 τον
195 2603 280 2694 ὑπὲρ
307 2610 375 2675 των
403 2612 569 2694 μεγίστων
598 2605 718 2674 ἀθλων
742 2604 944 2695 ἀναρρῖψαι,
967 2604 1217 2693 πράττειν-4

109 2709 146 2778 δέ
168 2710 250 2798 μετά
272 2717 333 2781 τοῦ
357 2713 609 2800 μητροπάτορος
633 2711 653 2781 ό
676 2740 707 2782 τι
731 2709 776 2781 ἀν
800 2715 917 2803 ἐκείνῳ
942 2714 1038 2801 δοκῇ.

181 2947 197 2994 2
217 2937 354 2995 ἀοπλοιΒ
426 2946 443 2995 δ
463 2937 523 2995 εδθ’
544 2936 634 3004 οὕτως
652 2960 675 2999 ο.
692 2941 814 2996 Sintenis
834 2941 894 2996 Em.
913 2940 995 2999 Dion.
1015 2942 1075 3028 Ιχ).
1095 2935 1213 2997 ῙΕ

111 3017 127 3066 6
147 3009 179 3065 δέ
198 3011 221 3064 Β
286 3017 319 3065 10
339 3007 413 3080 ὁρῶν
427 3007 482 3081 γάρ
497 3003 579 3075 οὗτος
598 3008 688 3068 αότού
705 3044 739 3054 -
754 3004 851 3067 οὖσαν.
871 3008 935 3066 ἐπεὶ
953 3014 996 3074 τίς
1019 3032 1074 3082 γαρ
1092 3004 1211 3083 ἦ,

110 3076 207 3136 αὐτῶν
229 3077 248 3151 ἡ
276 3078 366 3152 μήτηρ
394 3083 443 3137 καλ
470 3085 513 3145 τίς
536 3084 684 3155 νομισθεὶς
707 3079 723 3139 ὁ
748 3080 841 3153 πατὴρ
869 3082 1003 3139 Schnelle
1030 3084 1205 3139 Exerczn

131 3195 137 3208 .
155 3159 190 3208 23
247 3159 278 3206 11
300 3147 390 3220 οὗτος,
410 3155 486 3224 quod
505 3155 634 3211 Schnelle
648 3156 714 3226 post
727 3151 782 3224 γὰρ
796 3154 916 3223 addidit,
929 3154 986 3209 huc
1003 3154 1109 3211 inserui
1192 3141 1201 3215 ί

109 3171 199 3280 gom.
219 3224 308 3295 ΑΒο,
328 3226 391 3281 add.
411 3226 458 3280 Bb
474 3220 513 3312 χά
540 3227 603 3281 εδδ.
624 3225 766 3297 Kiessling
802 3226 948 3281 Meutzner
965 3225 1039 3282 Ann.
1057 3218 1194 3296 phi..

111 3302 181 3422 ιεχχ
200 3315 231 3421 χ).
251 3302 324 3423 εῳΟ
391 3302 424 3351 15
449 3300 485 3367 οη
511 3297 641 3353 Schnelle
665 3299 684 3353 1.
703 3297 721 3352 1.
750 3268 783 3353 ελ
803 3296 826 3351 0
914 3302 948 3352 τε
966 3292 1085 3368 πράττει
1101 3287 1186 3351 Ε

220 3387 281 3424 οκει
