2454 3916
501 173 829 303 '‘Bi-'¹
1022 211 1090 281 265

76 368 273 458 ἀμαρτύρου
301 370 576 463 συναλλάγματος
602 369 790 460 ἀμφίλογόν
817 399 850 442 τι
876 375 1009 458 γένοιτο
1038 376 1090 444 ἐνὶ

73 475 157 565 πρὸς
189 477 264 564 ἕνα,
302 475 322 565 ἡ
361 481 540 565 διαιροῦσα
575 477 613 547 τὸ
651 493 762 559 νεῖκος
792 481 852 548 καὶ
888 483 1089 571 προσωτέρω
1145 488 1148 493 ’

73 597 196 672 χωρεῖν
229 580 291 653 οὐκ
323 587 411 654 ἐοῖσα
446 584 510 665 τάς.
541 591 748 672 φιλονεικίας
783 584 804 673 ἡ
836 588 984 676 θατέρου
1019 593 1089 659 τῶν

74 694 365 780 διαδικαζομένων
386 687 498 760 αὐτῶν
521 697 630 773 πίστις
652 684 711 780 ἦν,
734 696 773 760 αἴ
791 718 826 760 τε
848 691 947 783 ἀρχαὶ
969 695 1025 763 καὶ
1048 693 1088 764 τά
1125 684 1126 688 ¹

75 797 280 887 δικαστήρια
300 796 342 868 τά
368 807 506 867 πλεῖστα
528 802 601 867 ’τῶν
619 789 937 889 ’ἀμφισβητημάτων
958 815 1029 882 τοῖς
1052 804 1116 872 έκε

73 909 133 992 τῆς
154 909 296 985 πίστεως
319 902 432 993 ὅρκοις
454 903 607 995 διῄτων,
637 911 777 976 τοιαῦτα
799 907 861 994 μέν
890 905 932 995 δὴ
956 913 1129 995 σωφρο··4
1182 990 1184 993 ,

73 1011 181 1099 σάνης
202 1037 238 1080 τε
259 1010 486 1099 παρακλητικὰ
508 1014 564 1081 καὶ
592 1015 811 1101 δικαιοσύνης
837 1012 1089 1111 ἀυάγκαστήρια

73 1115 142 1187 ὑπὸ
169 1122 231 1188 τοῦ
254 1118 357 1207 Νόμα
384 1118 459 1188 τότε
486 1120 705 1206 ἐξευρεθέντα
731 1124 960 1218 κοσμιωτέραν
984 1126 1091 1202 οἰκίας

71 1228 135 1312 τῆς
155 1220 319 1314 κράτιστα
346 1227 544 1313 οἰκουμένης
570 1225 633 1314 τὴν
651 1224 824 1315 Ῥωμαίων
850 1228 951 1298 πόλιν
978 1226 1090 1317 ἀπειρ-

72 1330 209 1418 γάσατο.
1103 1364 1131 1405 ιο

22 1453 136 1540 Q·
163 1440 309 1507 LXXVI.
337 1434 380 1515 “A
403 1439 440 1508 δέ
463 1442 572 1528 μέλλω
596 1444 662 1509 νῦν
684 1442 795 1526 λέγειν
818 1443 954 1529 ἐπιμελῆ
972 1467 1009 1510 τε
1031 1440 1088 1509 αὐ-

72 1543 137 1633 τὴν
161 1544 314 1614 ἀπέδωκε
340 1549 409 1615 τῶν
436 1544 630 1633 ἀναγκαίων
656 1548 805 1617 καὶτῶν
828 1546 970 1634 ἀγαθάν
993 1547 1088 1637 ἐργά-

72 1679 137 1721 τιν.
185 1652 438 1739 ἐνθυμούμενος
465 1651 530 1740 γάρ
560 1651 578 1722 ὁ
603 1651 704 1741 ἀνήρ,
732 1651 784 1722 ὅτι
806 1653 906 1722 πόλιν
927 1653 990 1741 τὴν
1013 1656 1088 1740 μέλ·
1191 1718 1196 1726 .

72 1766 201 1828 λουσαυ
220 1757 406 1846 ἀγαπήσειν
429 1758 469 1826 τά
488 1763 602 1828 δίκαια
619 1761 675 1828 καὶ
689 1773 803 1848 μενεῖν
818 1762 855 1829 έν
872 1764 918 1854 τῷ
934 1760 1089 1848 σώφρονι

73 1869 137 1956 βίω
173 1868 232 1951 τῆς
268 1862 454 1952 ἀναγκαίου
492 1870 546 1934 δεῖ
579 1873 739 1954 χορηγίας
774 1865 948 1956 εὐπορεῖν,
985 1871 1088 1936 διεῖλε
1102 1895 1144 1938 ιι·

22 1969 143 2059 λοιπὴν
166 1970 280 2061 χάραν
304 1970 438 2041 ἅπασαν
461 1976 510 2053 είς
531 1971 610 2054 τοὺς
631 1976 860 2062 καλουμένους
882 1976 1011 2062 πνίγους
1033 1975 1099 2043 καλ

75 2079 277 2166 κατέστησεν
304 2075 359 2167 ἐφ’
386 2079 527 2149 ἑκάστου
553 2083 622 2150 τῶν
650 2080 768 2167 πάγων
790 2080 938 2170 ἀρχοντα
960 2083 1089 2150 έπίσκο-

73 2184 140 2254 πόν
166 2212 202 2255 τε
229 2186 285 2254 καὶ
313 2185 499 2274 περίπολον
522 2190 580 2274 τῆς
609 2190 697 2268 ίδίας
724 2192 864 2278 μοίρας*
903 2172 997 2256 οὗτοι
1024 2185 1129 2274 γάρ2
1189 2265 1193 2272 ,

74 2291 262 2378 περιιόντες
283 2291 415 2380 θαμινά
437 2291 517 2373 τοὺς
539 2287 578 2362 εὖ
596 2320 631 2362 τε
649 2294 705 2361 καὶ
723 2295 1090 2382 κακῶςείργασμένους

73 2403 142 2480 τῶν
171 2396 285 2488 ἀγρῶν
314 2399 547 2489 ἀπεγράφοντο
577 2400 633 2478 καί
662 2401 746 2487 πρὸς
767 2397 829 2467 τὸν
850 2400 989 2486 βασιλέα
1011 2396 1088 2473 ἀπέ-
1103 2421 1129 2472 εῖο

74 2532 217 2594 φαινου,
247 2502 265 2574 ὁ
291 2505 328 2574 δέ
354 2504 433 2586 τοὺς
461 2506 522 2594 μέν
551 2508 715 2594 ἐπιμελεῖς
742 2505 913 2594 γεωργοὺς
940 2506 1089 2587 ἐπαίνοις
1134 2527 1137 2532 ·

51 2613 108 2682 ’τε
134 2613 190 2681 καὶ
223 2618 495 2702 φιλανθρωπίαις
526 2609 751 2700 ἀνελάμβανε,
783 2609 863 2694 τοὺς
895 2612 932 2681 δέ
962 2609 1089 2698 ἀργοὺς

75 2717 271 2807 [γεωργοὺς]
293 2717 521 2802 ὀνειδίζωυτε
537 2719 595 2811 καί
614 2723 738 2807 ζημιῶν
757 2718 809 2787 ἐπὶ
827 2717 866 2787 τδ
883 2720 1087 2808 θεραπεύειν

73 2825 216 2912 ἀμειυου
239 2824 301 2912 τὴν
323 2828 389 2913 γῆν
412 2824 645 2915 προύτρέπετο.
685 2825 855 2915 τονγάρτοι
874 2827 1030 2914 πολέμων
1053 2854 1088 2896 τε

71 2930 324 3020 ἀπηλλαγμένοι
356 2932 411 3000 καί
438 2937 507 3002 τῶν
538 2931 622 3001 κατὰ
652 2931 753 3001 πόλιν
780 2931 984 3021 πραγμάτων
1012 2952 1087 3020 σχο-
1102 2963 1128 3005 ει

71 3037 138 3126 λὴν
162 3037 291 3125 πολλὴν
319 3037 457 3126 άγουτες
485 3038 605 3129 ἀργίας
631 3066 666 3109 τε
692 3038 749 3107 καὶ
775 3044 931 3126 βλακείας
954 3036 1018 3109 σὺν
1041 3047 1088 3108 αί-
1126 3123 1130 3129 ¹

115 3269 117 3273 ⁴
147 3267 376 3341 4διταζομένωυ
394 3269 483 3326 Cobet
502 3270 568 3326 obs.
592 3289 619 3340 p.
638 3276 673 3326 δά
746 3273 935 3340 6διητωντο·
954 3269 1086 3323 ταῦταΒ
1142 3338 1145 3343 .

72 3339 197 3412 διῄτων·
216 3342 307 3396 ταῦτα
325 3341 351 3394 R
369 3357 439 3397 corr.
458 3341 601 3412 Kieseling
674 3348 706 3397 12
726 3337 849 3412 ἐργάτην
866 3339 914 3395 Ba
985 3344 1020 3393 14
1038 3339 1086 3409 με’·

71 3433 136 3471 νειν
157 3412 179 3467 Ο
200 3428 267 3468 corr.
282 3410 426 3482 Kiessling
485 3419 518 3468 19
536 3410 683 3484 περιόντες
696 3412 742 3468 Bb
796 3418 831 3467 20
849 3406 1087 3480 δπεγράφοντοΒ

72 3491 111 3540 28
130 3479 271 3562 γεωργοὺς
290 3484 345 3540 del.
360 3483 498 3556 Meineke,
514 3482 653 3540 Bsioheler
724 3489 759 3538 24
777 3478 986 3554 προδτρέποντο
1004 3481 1050 3536 Ba
