2454 3916
527 232 694 284 ,Γ-

99 386 272 476 Ῥωμαίων
303 386 475 474 βασιλεύς,
508 385 582 456 ἀλλ’
612 387 1024 476 ἀναστρατοπεδεύσαντες
1056 387 1119 476 ἀμ-

104 495 243 583 φότεροι
265 496 321 563 καὶ
343 499 402 582 τῆς
424 493 580 583 ἀλλήλων
598 500 660 583 γῆς
679 493 781 565 οὐδὲν
801 495 1012 576 κακώσαντες
1034 491 1139 585 ἀπή.

104 621 187 671 εσαν
210 600 260 671 ἐπ’
287 610 392 671 οἴκου.
437 600 553 689 γνύμη
579 599 610 670 δ’
636 600 838 691 ἀμφοτέρων
861 594 905 690 ἦν
929 601 1029 690 ὁμοία
1051 605 1118 689 μεί-

104 715 185 791 ζονα
208 707 356 796 δύναμιν
374 709 490 797 ἑτέραν
514 709 567 778 ἐπὶ
585 707 648 796 τήν
671 708 826 797 ἀλλήλων
850 710 965 798 χάραν
988 708 1118 795 ἐξάγειν

104 820 203 901 ἔαρος
238 813 436 903 ἀρχομένου.
495 815 565 885 ἐπεὶ
607 815 646 884 δὲ
678 815 830 904 <πάυτα>
867 782 1158 910 παρεσκεύαστοχ3

53 949 59 956 ·
104 917 233 1007 αύτοίς,
259 921 417 1010 πρότεροι
444 922 507 1011 μὲν
531 924 676 1010 ἐξῆλθον
704 926 739 991 ολ
759 928 905 1010 Σαβῖνοι
933 926 1118 1011 Τυρρηνῶν

48 1031 240 1115 δοθέχοντες
259 1028 433 1116 [δύναμιν]
458 1028 709 1118 ίκανήν’[πρδς]
733 1036 924 1119 συμμαχίαν
942 1029 998 1098 καὶ
1021 1056 1118 1098 κατα-

103 1128 424 1220 στρατοπεδεύονται
441 1135 593 1224 Φιδήνης
610 1143 754 1225 πλησίον
772 1139 848 1227 περὶ
866 1137 926 1217 τὰς
949 1135 1119 1224 συμβολάς

102 1245 166 1310 τοῦ
192 1268 227 1311 τε
251 1240 401 1329 Ἀνίητος
431 1244 489 1312 καὶ
519 1247 582 1312 τοῦ
613 1245 767 1332 Τεβέριος
800 1249 952 1332 ποταμοῦ
987 1242 1119 1323 διττούς

102 1347 285 1435 βαλόμενοι
306 1348 386 1430 τοὺς
404 1349 550 1439 χάρακας
568 1352 743 1430 ἐναντίους
765 1376 800 1419 τε
818 1350 873 1418 καὶ
892 1360 1043 1436 συνεχεῖς
1061 1347 1117 1416 ἀλ·
1131 1375 1158 1415 10

102 1454 233 1543 λήλοις,
261 1456 365 1544 μέσον
394 1461 526 1544 ἔχοντες
551 1455 589 1526 τὸ
618 1455 737 1526 κοινὸν
765 1458 798 1538 ἐξ
826 1455 1026 1542 ἀμφοτέρων
1049 1459 1118 1523 τῶν

102 1565 263 1649 ποταμοῖν
290 1564 448 1652 ῥείθρου,
477 1560 529 1651 ἐφ’
557 1558 600 1632 ου
631 1562 872 1632 κατεσκεύαστο
905 1563 1037 1649 γέφυρα
1065 1563 1119 1642 ξυ-

102 1668 292 1757 λόφρακτος
315 1669 460 1756 σκάφαις
482 1667 667 1758 ἀνεχομένη
690 1671 747 1738 καὶ
765 1666 951 1756 σχεδίαιςή
972 1671 1118 1736 ποιοῦσα

100 1781 234 1863 ταχείας
259 1775 318 1856 τὰς
346 1776 430 1864 πρὸς
457 1774 623 1864 ἀλλήλους
655 1775 785 1865 ἀφίξεις
811 1777 867 1845 καὶ
897 1773 957 1844 τὸν
989 1774 1118 1863 χάρακα

102 1885 172 1953 ἕνα.
212 1882 407 1970 πυθόμενος
430 1883 469 1952 δέ
489 1882 553 1971 τήν
571 1883 730 1972 εἰσβολήν
753 1881 866 1953 αὐτῶν
890 1880 907 1952 ὁ
931 1881 1119 1972 Ταρκύνιος

103 1992 198 2077 ἐξῆγε
220 1991 276 2058 καὶ
299 1989 401 2071 αὐτὸς
427 1989 464 2059 τὸ
483 1988 658 2078 Ῥωμαίων
686 1990 874 2079 στράτευμα
896 1989 1120 2075 καθιδρύεταί

101 2123 137 2165 τε
165 2097 286 2185 μικρὸν
310 2095 467 2185 ἀνωτέρω
494 2102 552 2185 τῆς
580 2101 717 2167 ἐκείνων
746 2100 1001 2186 στρατοπεδείας
1027 2093 1118 2180 παρὰ

101 2201 164 2272 τὸν
197 2202 331 2291 Ἀυίητα
371 2203 525 2292 ποταμὸν
564 2206 618 2274 ἐπὶ
659 2204 771 2291 λόφου
811 2202 904 2282 τινὸς
945 2204 1117 2289 καρτεροῦ.

90 2309 214 2399 4άπάση
243 2311 280 2379 δέ
311 2315 488 2402 προθυμίᾳ
519 2309 603 2398 πρὸς
633 2310 695 2379 τὸν
723 2311 872 2399 πόλεμον
908 2308 1117 2397 ὡρμημένων

101 2413 303 2505 ἀμφοτέρων
331 2416 444 2498 οὐδεὶς
471 2415 564 2505 ἀγὼν
593 2420 629 2486 ἐκ
655 2417 867 2505 παρατάξεως
894 2415 972 2486 ούτε
994 2420 1115 2502 μείζων
1130 2435 1157 2476 ²⁰

102 2523 174 2594 οὔτ’
201 2522 352 2594 ἐλάσσων
379 2522 494 2604 αύτοίς
526 2525 679 2610 συνέστη.
723 2527 859 2611 ’ἔφθασε
887 2521 951 2610 γάρ
982 2519 1000 2590 ὁ
1033 2528 1117 2609 Ταρ-

101 2630 219 2711 κύνιος
242 2629 397 2723 ἀγχινοίᾳ
420 2634 621 2720 στρατηγικῇ
645 2629 753 2698 πάντα
777 2634 962 2715 συντρίψας
984 2625 1025 2697 τά
1047 2632 1116 2697 τῶν

102 2741 266 2825 Σαβίνων
292 2736 470 2826 πράγματα
500 2738 556 2806 καὶ
588 2735 647 2818 τάς
678 2733 889 2824 παρεμβολάς
917 2732 1030 2805 αὐτῶν
1058 2732 1116 2823 ἀμ·

103 2845 248 2932 φοτέρας
279 2842 455 2933 ἀράμενος.
509 2842 547 2914 τὸ
582 2843 620 2912 δέ
652 2842 866 2931 στρατήγημα
896 2846 958 2911 τοῦ
990 2841 1116 2930 ἀνδρὸς

1136 1853 1160 1917 4

1131 1939 1168 1981 15·

46 3003 66 3011 .,
101 2949 238 3019 τοιόνδε
258 2942 315 3037 ἦν·
1075 3011 1081 3022 ,
1131 2967 1158 3010 ιε

175 3153 191 3200 2
210 3141 390 3208 κακώσαντες
408 3146 430 3199 Β
453 3142 614 3214 δηύσαντες
631 3147 657 3201 R
733 3149 750 3199 3
769 3134 805 3213 ήν
823 3144 874 3214 μία
900 3159 923 3199 ο.
942 3142 1032 3199 Cobet
1051 3142 1114 3200 obs.

101 3237 130 3289 p.
150 3223 183 3272 71
258 3222 274 3271 5
293 3212 388 3271 πάντα
406 3215 470 3273 εδδ.
488 3215 631 3287 Kiessling
705 3221 720 3271 7
739 3211 862 3286 δύναμιν
880 3231 935 3270 om.
951 3215 975 3268 B
991 3217 995 3282 1
1012 3211 1115 3283 λκανήν

100 3305 157 3345 om.
181 3288 258 3359 B(?)
280 3292 284 3356 Ι
304 3284 375 3358 πρὸς
403 3303 457 3341 om.
480 3287 503 3340 B
594 3293 610 3341 9
638 3283 735 3350 διττάς
757 3287 784 3340 A
871 3292 903 3340 10
931 3280 1068 3354 ἀλλήλους
1090 3286 1115 3339 Δ

103 3366 136 3414 11
167 3356 283 3429 ἔχοντας
311 3375 334 3413 ο.
357 3357 460 3413 Reiske
552 3362 586 3412 14
613 3355 679 3421 τούς
706 3356 760 3413 δύο
788 3353 916 3427 χάρακας
944 3353 996 3410 ἕνα
1025 3351 1116 3411 έποίει

102 3448 125 3486 ο.
145 3431 250 3486 Reiske
324 3424 408 3484 16τό
428 3425 561 3499 ήωμιιίων
579 3429 601 3482 Β
626 3430 683 3484 τῶν
702 3425 727 3516 fi.
746 3431 771 3484 Δ
791 3432 795 3496 Ι
815 3424 1005 3495 καθιδρύεται
1024 3427 1047 3480 Β
1065 3446 1115 3481 κοι-

100 3504 239 3571 θίδρυται
256 3503 283 3556 R
356 3506 388 3555 17
407 3519 437 3556 τε
456 3517 510 3556 om.
530 3500 575 3554 Ba
649 3504 681 3554 18
700 3501 816 3568 ανίηιτα
834 3498 860 3552 Α
