2454 3916
568 228 734 280 „p-

146 388 402 473 ἐπιτειχίσαντες
423 383 485 473 τὴν
508 381 604 473 ἡμῶν
634 382 746 454 αὐτῶν
773 384 874 454 πόλιν
897 382 1026 472 πολλὴν
1050 381 1162 473 ἀσφά-

146 501 241 562 λειαν
269 492 401 573 τούτοις
426 496 488 562 τού
510 520 545 562 τε
572 490 637 561 ἀπὸ
666 496 852 581 Τυρρηνῶν
878 493 935 561 καὶ
963 490 1028 561 ἀπὸ
1053 497 1162 580 Σαβί

146 626 218 669 νων
240 600 390 686 πολέμου
407 598 650 688 παρειχόμεθα·
672 590 716 687 ἧς
732 596 773 687 δὴ
791 597 920 678 πόλεως
943 591 981 668 εύ
998 625 1034 668 τε
1052 618 1207 687 τηατ-493

146 704 270 793 νούσης
302 702 460 774 ἁπάντων
493 704 636 793 μάλιστα
671 710 801 793 χαίρειν
837 703 961 786 αύτούς
999 708 1069 774 ἔδει
1104 706 1162 774 καὶ

120 813 383 900 εσφαλλομέυης
415 811 522 898 μηδὲν
555 812 768 900 ἐνδεέστερον
795 808 816 900 ἢ
848 812 925 900 περὶ
955 815 1014 900 τῆς
1046 809 1161 881 αὐτῶν

107 917 325 1006 ὗάχθεσθαι.
376 920 411 985 οί
436 917 475 987 δέ
505 916 571 1006 ἀρα
604 922 818 1005 φθονοῦντες
845 916 906 1006 ούχ
938 915 1019 1007 ἡμῖν
1052 920 1161 1007 μόνον

147 1029 216 1096 τῶν
239 1024 381 1113 ἀγαθῶν
404 1021 489 1092 ἀλλά
511 1025 567 1093 καὶ
591 1025 722 1105 ἑαυτοῖς
743 1029 803 1113 τῆς
824 1023 870 1094 δι’
896 1023 984 1113 ἡμᾶς
1007 1023 1163 1114 εὐτυχίας

149 1135 321 1202 διετέλουν
352 1132 409 1201 καὶ
437 1136 655 1213 τελευτῶντες
687 1129 736 1213 ὡς,
764 1129 874 1201 ούκέτι
909 1133 1062 1220 κατέχειν
1098 1131 1162 1220 τὴν

148 1237 300 1309 ὕπουλον
332 1245 460 1328 ἐχθραν
493 1238 658 1308 ἐδύναντο
696 1239 843 1326 πόλεμον
874 1236 955 1327 ἡμῖν
987 1253 1161 1328 προεῖπον.

108 1375 135 1416 ιο
148 1347 317 1436 μαθόντες
340 1345 372 1413 δ’
397 1344 486 1435 ἡμᾶς
508 1338 546 1415 εύ
568 1344 653 1432 πρὸς
673 1344 734 1415 τὸν
757 1344 873 1432 ἀγῶνα
894 1350 1162 1435 παρεσκευασμέ-

147 1482 245 1540 νους,
274 1450 319 1533 ὥς
346 1451 454 1523 ούθέν
481 1445 690 1541 οίοίτ’.ἧσαν
722 1452 932 1540 ἐργάσασθαι
962 1454 1084 1540 κακόν,
1115 1457 1163 1534 εἰς

149 1559 330 1648 διαλλαγάς
358 1559 501 1629 ἐκάλουν
528 1560 585 1628 καὶ
612 1564 730 1647 φιλίαν
757 1559 813 1628 καὶ
840 1556 878 1628 τὸ
905 1560 982 1648 περὶ
1005 1564 1067 1647 τῆς
1088 1558 1163 1648 ἡγε-

148 1674 268 1756 μονίας
290 1680 400 1745 νεῖκος
422 1668 460 1734 ἐν
477 1665 589 1754 τρισὶν
608 1663 667 1753 ἀφ’
689 1665 843 1754 ἑκατέρας
860 1665 991 1745 πόλεως
1008 1665 1163 1755 σάμασιν

148 1774 267 1862 ἠξίουν
289 1778 461 1863 κριθῆναι.
502 1771 688 1859 ἐδεξάμεθα
709 1774 765 1840 καὶ
794 1771 917 1853 ταύτας
937 1772 996 1853 τὰς
1017 1775 1164 1863 προκλή-

109 1907 136 1947 ιε
151 1902 219 1962 σεις
240 1883 296 1950 καὶ
319 1881 517 1968 νικήσαντες
539 1883 579 1968 τῇ
603 1878 690 1967 μάχη
718 1877 781 1967 τὴν
803 1878 904 1948 πόλιν
932 1877 1044 1949 αὐτῶν
1067 1885 1167 1970 ἐσχο-·

109 1988 130 2053 6
149 2016 211 2076 μεν
233 1985 439 2075 ὑποχείριον.
484 1986 565 2073 φέρε
588 1983 632 2071 δι’]
653 1990 690 2054 τί
713 1982 794 2072 μετά
815 1989 920 2054 ταῦτα
941 1985 1164 2074 έποιήσαμενς

149 2093 225 2176 ἐξὸν
248 2090 329 2181 ἡμῖν
353 2089 463 2178 ὅμηρά
485 2118 520 2160 τε
539 2088 652 2160 αὐτῶν
675 2097 791 2178 λαβεῖν
810 2090 868 2159 καὶ
884 2090 1043 2180 φρουράν
1066 2095 1107 2162 ἐν
1124 2098 1164 2184 τῇ

149 2201 244 2271 πόλει
270 2208 464 2270 καταλιπεῖν
491 2201 548 2268 καὶ
574 2197 665 2278 τοὺς.
679 2197 969 2286 κορυφαιοτάτους
996 2203 1073 2268 τῶν·
1092 2203 1165 2273 δια,-

150 2308 347 2397 στησάντων
369 2304 428 2387 τάς
449 2305 563 2386 πόλεις
585 2303 664 2386 τοὺς
686 2304 748 2392 μέν
771 2303 921 2392 ἀνελεῖν,
950 2304 1030 2386 τοὺς
1054 2304 1086 2374 δ’
1113 2310 1165 2376 ἐκ·

109 2441 137 2482 νο
150 2423 267 2504 βαλεῖν
293 2418 460 2493 πολιτείας
490 2440 526 2482 τε
554 2409 665 2481 αύτῶν
694 2409 823 2498 κόσμον
852 2417 1053 2500 μεταστῆσαι
1080 2412 1166 2502 πρὸς

149 2521 187 2592 τὸ
210 2520 292 2610 ἡμῖν
311 2520 487 2608 συμφέρον
504 2520 560 2588 καὶ
578 2518 688 2606 χώρας
707 2519 764 2586 καί
781 2518 960 2607 χρημάτων
978 2517 1164 2614 ἀποδασμῷ

151 2631 312 2716 ζημιῶσαι
343 2632 414 2713 καί,
448 2622 465 2695 δ
493 2625 630 2694 πάντων
658 2627 784 2716 ῥᾷστον
811 2617 870 2712 ἦν,
903 2623 1093 2712 ἀφελέσθαι
1123 2626 1165 2698 τά

151 2734 238 2805 ὅπλα
269 2732 407 2819 αύτούς,
444 2734 478 2815 ἐξ
510 2723 559 2800 ὧν
591 2733 850 2820 ἐγκρατεστέραν
885 2728 929 2801 ἀν
959 2730 1022 2819 τὴν
1049 2732 1212 2824 ἀρχὴνῖνε

149 2841 441 2929 κατεστησάμεθα,
468 2839 598 2909 τούτων
631 2838 693 2926 μὲν
723 2837 825 2907 ούδὲν
852 2837 1041 2927 ἠξιώσαμεν
1067 2846 1165 2930 ποιῆ-

111 2971 138 3013 τε
152 2969 225 3034 σαι,
247 2952 293 3041 τῷ
318 2946 349 3015 δ’
376 2945 509 3034 εύσεβεῖ
533 2950 662 3034 μᾶλλον
690 2943 710 3034 ἢ
738 2949 784 3038 τῷ
812 2945 959 3033 ἀσφαλεῖ
978 2951 1038 3034 τῆς
1060 2946 1165 3038 ἀρχῆς

151 3057 375 3143 ἐπετρέψαμεν
402 3056 458 3122 καὶ
489 3053 527 3123 τὸ
557 3052 716 3141 εὐπρεπὲς
747 3051 785 3121 τδ
813 3051 897 3141 πρὸς
925 3051 1077 3136 ἅπαντας
1103 3060 1165 3125 τού

150 3166 407 3241 λυσιτελοῦντος
435 3157 517 3248 ἡμῖν
545 3158 659 3239 αύτοῖς
687 3163 758 3250 ίδίηι
782 3173 933 3245 κρεῖττον
956 3157 1163 3249 ἡγησάμενοι

151 3267 433 3357 συνεχωρήσαμεν
466 3265 580 3346 αὐτοῖς
612 3265 743 3335 ἅπαντα
773 3265 815 3334 τά
844 3267 989 3355 σφέτερα
1018 3273 1164 3356 καρπού

222 3486 420 3555 4“*πάντωνο
469 3506 500 3555 12
516 3498 646 3569 φιλίαςΑ
700 3503 735 3552 28
754 3494 927 3553 &130sz
981 3494 1164 3554 θθπάνταΑ

192 3634 310 3686 .AE
