2454 3916
541 229 706 281 -A-
1088 226 1130 291 91

113 389 153 455 έν
177 390 224 478 τῷ
247 385 393 477 παρόντι
415 385 612 473 καταγωγὴν
636 391 774 455 ἐσεσθαι
797 402 869 468 τοῖς
895 392 1023 475 Τρωσί·
1051 385 1132 475 μετὰ

113 491 155 560 δέ
176 492 362 573 τοσούτους
390 490 566 572 ἐνιαυτοὺς
593 491 697 572 ὅσους
719 489 763 562 ἂν
790 491 811 580 ἡ
834 485 875 573 ὗς
896 497 973 583 τέκη
996 500 1133 582 χοίρους

111 598 363 686 κτισθήσεσθαι
384 597 468 688 πρὸς
486 603 554 668 τῶν
572 601 607 681 ἐξ
626 601 758 668 ἐκείνου
774 603 1012 687 γενησομένων
1031 600 1132 669 πόλιν

113 706 235 794 ἑτέραν
263 703 448 793 εὐδαίμονα
475 707 531 774 καὶ
554 705 712 793 μεγάλην.
748 705 905 794 μαθόντα
929 706 966 775 δὲ
988 704 1048 775 τὸν
1072 711 1132 775 Αί-

111 817 213 880 νείαν
235 813 293 879 καὶ
306 818 493 900 νομίσαντα
508 812 689 900 δαιμόνιόν
703 839 735 881 τι
758 810 795 882 τὸ
810 816 920 901 χρῆμα
943 817 1003 900 τῆς
1016 817 1159 900 φυνῆς5

112 915 204 986 εἶναι
226 932 338 987 ποιεῖν
362 917 407 999 ὡς
429 918 448 989 ό
470 918 553 999 θεὸς
575 921 735 988 ἐκέλευεν.
782 921 888 1007 ἕτεροι
913 919 950 990 δὲ
972 922 1132 1005 λέγουσιν
1152 921 1173 988 5

112 1022 348 1112 ἀδημονοῦντι
376 1029 422 1116 τῷ
455 1023 557 1112 ἀνδρὶ
588 1025 644 1092 καὶ
674 1024 845 1111 παρεικότι
875 1024 914 1095 τὸ
945 1029 1040 1113 σῶμα
1066 1023 1132 1096 ὑπὸ

112 1130 223 1218 λύπης
249 1133 306 1199 καί
334 1130 411 1201 οὔτε
441 1132 494 1200 έπὶ
520 1130 558 1200 τό
588 1131 815 1219 στρατόπεδον
842 1132 1025 1220 καταβάντι
1056 1132 1133 1202 οὕτε

114 1253 191 1308 σῖτα
213 1240 524 1328 προσενεγκαμένῳ,
546 1235 652 1307 αὐτοῦ
676 1238 714 1306 δὲ
729 1235 774 1319 ὡς
796 1244 911 1326 ἔτυχεν
935 1237 1133 1309 αὐλισθέντι

66 1389 68 1393 ·
110 1344 177 1432 τὴν
199 1344 294 1415 νύκτ’
316 1347 459 1432 ἐκείνην,
483 1347 656 1431 ἐπιστῆναι
671 1344 823 1432 μεγάλην
840 1343 916 1414 τινὰ
930 1346 986 1413 καὶ
999 1355 1132 1434 θαυμα-
1147 1376 1174 1417 10

113 1450 198 1538 στὴν
223 1454 387 1522 ἐνυπνίου
408 1454 477 1521 τῶν
500 1456 596 1519 θεῶν
618 1479 687 1521 τινι
709 1456 779 1520 τῶν
793 1457 943 1540 πατρίων
967 1457 1132 1520 εἰκασθεῖ-

113 1577 181 1626 σαν
204 1555 286 1640 όυιν
308 1555 349 1627 τά
371 1559 535 1643 λεχθέντα
558 1561 664 1650 μικρῷ
679 1557 845 1646 πρότερον
867 1556 1133 1646 ὑποτιθεμένην·

116 1662 286 1753 ὁποτέρως
317 1664 356 1732 δὲ
386 1663 532 1750 τάληθὲς
562 1670 629 1752 ἔχει
660 1674 756 1744 θεοῖς
792 1661 835 1733 διν
867 1673 918 1752 είη
950 1663 1133 1754 γνώριμον.

116 1775 157 1860 τῇ
192 1769 224 1838 δ’
255 1773 329 1859 ἑξῆς
359 1770 466 1861 ἡμέρῳ
496 1771 677 1859 τριάκοντα
708 1774 838 1858 λέγεται
872 1777 1010 1861 χοίρους
1040 1771 1061 1860 ἡ
1093 1765 1134 1855 ὗς

115 1880 278 1963 ἐκτεκεῖν,
305 1879 362 1946 καὶ
387 1877 563 1958 τοσοότοις
594 1880 761 1959 ἐνιαυτοῖς
791 1877 935 1967 ὕστερον
967 1878 1032 1950 ὑπὸ
1062 1885 1133 1951 τῶν
1148 1904 1173 1945 ιε

58 2012 114 2062 144
122 1984 251 2070 Τρώων
280 1985 376 2072 ἑτέρα
407 1991 590 2073 κτισθῆναι
620 1985 718 2066 πόλις
752 1984 835 2055 κατὰ
871 1986 909 2056 τὸ
945 1989 1133 2074 θέσφατον,

114 2089 201 2178 ὑπὲρ
224 2081 265 2177 ἧς
287 2093 325 2159 ἐν
347 2095 437 2183 <τῷ>
461 2097 572 2184 οίκείῳ
595 2090 686 2183 τόπῳ
711 2094 912 2180 διαλέξομαι.

181 2198 283 2265 LVII.
316 2202 455 2277 Αίνείας
479 2197 516 2266 δὲ
538 2201 597 2284 τῆς
620 2197 682 2285 μὲν
705 2196 766 2279 ὑὸς
793 2196 854 2268 τὸν
877 2197 979 2267 τόκον
1002 2197 1070 2287 ἅμα
1093 2202 1132 2288 τῇ

111 2305 297 2392 γειναμένη
327 2318 398 2384 τοῖς
425 2303 594 2395 πατρῴοις
623 2302 726 2390 ἁγίζει
755 2314 852 2384 θεοῖς
881 2307 992 2395 ἐντῷ
1022 2310 1133 2395 χωρίῳ

111 2409 208 2503 τῷδ’,
233 2401 274 2478 οὗ
296 2413 363 2479 νῦν
389 2413 481 2480 ἐστιν
504 2409 526 2498 ἡ
549 2410 678 2496 καλιάς,
699 2411 756 2479 καί
779 2408 885 2496 αὐτὴν
901 2413 936 2478 οί
948 2409 1132 2479 Λαουινιά-
1146 2443 1174 2485 20

110 2543 167 2586 ται
190 2530 264 2596 τοῖς
285 2514 401 2597 ἄλλοις
422 2517 550 2604 άβατον
573 2516 800 2605 φυλάττοντες
823 2514 918 2604 ίερὰν
940 2523 1131 2604 νομίζουσι·

111 2638 184 2704 τοῖς
212 2621 252 2691 δὲ
278 2624 389 2711 Τρωσὶ
417 2627 783 2714 μεταστρατοπεδεῦσαι
810 2623 969 2704 κελεύσας
996 2625 1049 2693 ἐπὶ
1070 2623 1132 2694 τὸν

111 2729 226 2818 λόφον
250 2728 400 2818 ίδρόεται
423 2729 463 2798 τὰ
487 2734 546 2818 ἕδη
569 2736 638 2799 τῶν
652 2735 745 2799 θεῶν
764 2733 802 2799 ἐν
825 2735 870 2823 τῷ
893 2737 1058 2824 κρατίστῳ
1077 2733 1132 2800 καὶ

112 2836 234 2906 αι’πίκα
260 2837 338 2924 περὶ
364 2835 428 2923 τὴν
459 2836 668 2926 κατασκευὴν
697 2841 758 2906 τοῦ
787 2844 991 2926 πολίσματος
1020 2837 1131 2928 ἁπάση

112 3042 115 3048 .
184 2991 373 3068 ὃδαιμόνιόν
391 3017 419 3052 τι
437 2999 593 3067 νομίσαντα
607 2998 633 3052 R
648 2999 653 3067 Ι
668 2994 700 3053 τό
720 2998 929 3057 αδδΒδοΙιολετ
984 2999 1132 3067 οποιῆσαι

111 3086 135 3125 ο.
151 3067 258 3125 Reisko
315 3074 333 3124 8
353 3063 400 3122 ἐπὶ
418 3065 449 3123 τὸ
470 3065 662 3136 στρατόπεδον
676 3069 754 3139 (Db)
765 3070 902 3125 Biicheler
921 3065 968 3125 ἐπὶ
981 3070 1032 3125 τοῦ
1051 3087 1132 3140 οτρα·

112 3139 238 3196 τοπὲδου
256 3139 279 3193 Β
297 3135 355 3195 ὑπὸ
374 3140 424 3193 τοῦ
444 3139 637 3209 στρατοπέδου
653 3142 677 3196 Α
743 3146 776 3195 10
795 3138 911 3196 *νόκτα
930 3140 952 3196 Ο
1019 3148 1051 3196 13
1066 3137 1133 3195 ὁπο-

111 3209 253 3280 τέρωιςΒ
327 3216 360 3265 15
378 3211 476 3265 τῶνΒ
500 3229 554 3266 om.
577 3210 604 3264 R
676 3218 708 3266 17
728 3212 766 3285 τῷ
791 3213 855 3267 αδδ.
870 3212 1042 3282 Grasberger
1056 3211 1132 3266 Τοεμ

112 3283 229 3353 Herbip.
248 3299 276 3351 p.
297 3287 330 3336 15
404 3287 436 3336 19
456 3278 607 3351 άγιάζειΒ
680 3290 715 3339 20
733 3278 802 3338 τῶδ’
822 3284 845 3337 Β
863 3283 936 3354 τῷδε
955 3284 981 3338 Β,
1005 3283 1009 3351 l
1035 3277 1132 3336 ουίνά-

112 3373 161 3408 ται
180 3353 233 3408 AB
306 3358 340 3407 21
359 3356 419 3415 τοῖς
436 3356 548 3417 πολλοῖς
566 3371 589 3412 ο.
608 3354 737 3409 Hertlein
754 3337 872 3411 Hermes
889 3353 916 3407 X
935 3372 962 3424 p.
981 3358 1033 3407 409
1098 3360 1133 3408 24

112 3420 262 3496 περ1]ἐτδ
291 3441 315 3478 ο.
333 3423 457 3480 Reudler
476 3426 567 3481 Tiroc.
592 3440 618 3496 p.
643 3431 677 3480 14
711 3421 758 3480 ἐπὶ
786 3426 831 3480 vel
858 3420 930 3494 πρὸς
957 3440 980 3478 ο.
1005 3422 1133 3478 Hertlein

113 3496 232 3551 Hermes
250 3492 277 3547 X
295 3514 323 3566 p.
342 3500 395 3551 409
