2454 3916
140 224 263 289 190·
563 223 726 277 -Β-

139 388 307 452 τακοσίων
324 384 441 471 μηδεὶς
460 384 497 451 έν
510 380 619 471 Ῥῶμη
634 385 783 469 λυθῆναι
796 380 914 469 μῶμος·
937 381 1021 450 κατὰ
1039 381 1077 451 δὲ
1096 380 1162 469 τὴν

142 489 291 578 ἑβδόμην
322 491 376 559 ἐπὶ
407 496 480 570 ταίς
505 489 686 576 τριάκοντα
712 488 769 557 καί
800 486 919 558 ἑκατὸν
945 484 1209 576 όλυμπιῶσιν291

141 594 379 666 ὑπατευόντων
394 596 539 685 Μάρκου
554 601 764 684 Πομπωνίου
785 596 842 664 καλ
861 601 967 665 Γαΐου
983 596 1162 685 Παπιρίου

142 708 271 791 πρῶτος
298 701 465 772 ἀπολῦσαι
496 704 625 791 λέγεται
656 701 718 790 την
749 703 872 772 ἑαυτοῦ
898 716 1044 790 γυναῖκα
1070 702 1162 772 Σπό-

114 837 216 901 εριος
248 816 454 898 Καρουΐλιος
490 809 577 898 ἀνὴρ
615 806 677 879 οὐκ
713 806 859 898 ἀφανής,
890 806 1164 897 ἀναγκαζόμενος

141 915 207 985 ὑπὸ
231 920 299 985 τῶν
322 920 470 1004 τιμητῶν
495 915 619 1004 ὀμόσαι
640 918 769 986 τέκνων
798 918 895 986 ἕνεκα
917 917 1056 1003 γυναικὶ
1078 937 1163 987 συν-

143 1036 249 1093 οικεῖν
277 1015 335 1111 (ἦν
364 1020 395 1090 δ’
422 1020 511 1116 αὐτῷ
541 1029 654 1110 στείρα
681 1022 702 1112 ἡ
726 1023 842 1113 γυνή),
864 1020 902 1104 ὃς
924 1024 979 1093 ἐπὶ
1000 1027 1047 1116 τῷ
1072 1029 1162 1117 ἔργω

142 1129 251 1222 τοότςο
278 1135 396 1198 καίτοι·
417 1126 463 1197 δι’
489 1126 641 1216 ἀνάγκην
670 1131 842 1223 γενομένῳ
866 1128 1072 1218 μισούμενος
1094 1127 1163 1199 ὑπὸ

142 1240 204 1304 τοῶ
228 1235 339 1323 δήμου
363 1239 557 1306 διετέλεσεν.

104 1387 130 1427 ιο
232 1361 352 1428 XXVI.
367 1355 409 1428 “Α
430 1360 492 1448 μὲν
516 1351 580 1429 οὖν
600 1364 647 1441 είς
664 1373 826 1447 γυναῖκας
843 1351 883 1428 εὖ
901 1364 1020 1447 ἔχοντα
1044 1358 1062 1429 ό
1081 1357 1162 1430 Ῥω-

143 1467 249 1556 μόλος
281 1467 542 1555 ἐνομοθέτησεν,
575 1469 608 1550 ἐξ
641 1459 690 1535 ῶν
717 1467 943 1554 κοσμιωτέρας
973 1468 1051 1556 περὶ
1082 1467 1165 1550 τοὺς

144 1572 272 1661 ῶνδρας
291 1572 394 1653 αότόις
411 1569 647 1661 ἀπειργάσατο,
665 1569 758 1640 ταῦτ’
779 1574 881 1659 ἐστιν,
904 1569 926 1640 ἃ
951 1571 982 1640 δ’
1008 1578 1057 1655 είς
1075 1578 1162 1644 αίδῶ
1204 1580 1211 1593 ’

143 1682 200 1749 κοιλ
233 1679 455 1766 δικαιοσύνην
487 1683 636 1766 παίδων,
668 1683 726 1748 ἰ’να
759 1681 881 1765 σέβωσι
912 1677 992 1760 τοὺς
1018 1681 1165 1770 πατέρας

144 1785 275 1855 ἅπαντα
307 1785 508 1873 πράττοντές
538 1812 574 1855 τε
606 1789 662 1854 καὶ
681 1788 843 1873 ,λέγοντες
871 1783 934 1856 ὅσα
962 1782 1006 1855 διν
1038 1789 1164 1858 ἐκεῖνοι

105 1914 131 1956 15
145 1892 342 1977 κελεύωσιν,
371 1896 419 1959 ἔτι
445 1891 575 1961 τούτων
598 1883 643 1978 ἦν
669 1892 853 1981 σεμνότερα
879 1894 936 1962 καὶ
959 1901 1163 1984 μεγαλοπρε-

145 1999 286 2088 πέστερα
322 1999 379 2065 καὶ
414 1995 543 2085 πολλὴν
585 2002 704 2085 ἔχοντα
739 1997 830 2086 παρὰ
864 1999 945 2080 τοὺς
979 1997 1163 2090 ἡμετέρους

106 2105 274 2194 2νόμονς
298 2103 478 2193 διαφορῶν.
524 2107 559 2172 oc
585 2105 647 2192 μέν
674 2104 739 2194 γὰρ
768 2104 828 2186 τόις
845 2103 1043 2193 Ἑλληνικὰς
1063 2134 1162 2179 κατα-

146 2211 350 2300 στησόμενοι
388 2216 555 2290 πολιτείας
594 2211 724 2299 βραχύν
760 2238 838 2281 τινα
873 2216 996 2302 κομιδῇ
1035 2214 1162 2301 χρόνον

147 2322 265 2403 ἔταξαν
292 2317 458 2408 ἄρχεσθαι
486 2317 566 2398 τοὺς
592 2321 715 2398 παῖδας
740 2315 805 2387 ὑπὸ
837 2323 906 2387 τῶν
933 2320 1101 2409 πατέρων,
1130 2325 1165 2390 οί

106 2450 134 2492 ιο
147 2427 209 2515 μὲν
234 2429 295 2507 ἕως
322 2431 436 2515 τρίτον
465 2425 726 2513 ἐκπληρώσωσιν
753 2422 813 2512 ἀφ’
838 2423 924 2513 ἥβης
950 2431 1037 2513 ἔτος,
1061 2431 1097 2496 οί
1126 2429 1164 2498 δὲ

147 2532 230 2603 ὅσον
254 2529 297 2601 ῶν
319 2531 447 2622 χρόνον
469 2529 585 2618 ἠίθεοι
608 2532 770 2620 μένωσιν,
794 2536 830 2600 οί
851 2532 888 2599 δὲ
911 2534 1006 2621 μέχρι
1028 2537 1089 2622 τῆς
1112 2540 1209 2616 είςεοε

146 2639 187 2710 τόν
210 2638 327 2726 ἀρχεῖα
347 2638 388 2708 τὰ
413 2639 559 2727 δημόσια
582 2641 766 2726 ἐγγραφῆς,
795 2636 840 2719 ῶς
861 2641 898 2707 έκ
919 2644 977 2727 τῆς
1001 2640 1164 2722 Σόλωνος

146 2748 203 2814 καὶ
243 2749 413 2815 Πιττακοῦ
454 2746 510 2813 καλ
552 2745 741 2835 Χαρώνδου
777 2752 982 2834 νομοθεσίας
1020 2753 1163 2834 ἔμαθον,

108 2847 200 2933 δοῖς
222 2850 328 2938 πολλὴ
351 2865 567 2941 μαρτυρεῖται
591 2857 708 2938 σοφία·
738 2858 899 2940 τιμωρίας
925 2881 960 2922 τε
987 2855 1070 2922 κατὰ
1093 2861 1163 2925 τῶν

109 2980 135 3022 ιο
149 2962 281 3027 παίδων
304 2959 438 3045 ἔταξαν,
462 2956 522 3028 ἐὰν
544 2954 710 3027 ἀπειθῶσι
736 2973 807 3040 τοῖς
828 2960 1009 3048 πατράσιν,
1039 2959 1080 3030 οὐ
1103 2969 1163 3049 βα-

221 3214 237 3263 3
256 3208 400 3279 πομπηίον
419 3207 442 3261 Β
468 3209 482 3292 Ι
497 3209 654 3277 παππιρίου
673 3208 696 3261 Β
768 3214 784 3263 5
799 3209 853 3268 καὶ
871 3205 994 3279 ρουίλιος
1012 3211 1074 3278 ΑΒ,
1093 3229 1163 3267 corr.

148 3280 307 3336 Ambrosoh
389 3284 405 3334 6
428 3272 514 3366 ὁμόσε
538 3279 584 3333 Ba
608 3281 612 3348 Ι
638 3285 786 3349 συντυχεῖν
811 3280 834 3334 Β
918 3285 949 3335 11
973 3282 1164 3353 κοσμιωτέρας

150 3348 240 3414 αότας
265 3350 331 3420 περὶ
357 3345 425 3412 τους
451 3345 560 3435 ανδρας
586 3349 609 3404 Β
692 3357 725 3406 14
752 3370 781 3406 τε
811 3368 864 3407 om.
893 3351 919 3405 A
999 3359 1033 3407 15
1062 3349 1109 3409 έπλ
1138 3357 1163 3408 Α

151 3421 276 3510 έ<τ>ιΒ
358 3427 392 3476 20
412 3415 598 3490 δεότερονο
626 3421 765 3477 Bficheler
845 3429 879 3478 23
903 3425 1077 3494 νομοθεσίας
1099 3427 1164 3496 pont

149 3491 321 3558 ΣόλωνοςΒ
393 3499 429 3549 24
447 3494 642 3562 φιλοσοφίαΒ
