2454 3916
500 211 663 265 -Β-

72 395 169 457 τραις
209 369 449 456 κατεζωσμένοι
493 369 550 437 καὶ
594 370 759 456 τηβέννας
803 372 1091 461 ἐμπεπορπημένοι

73 475 350 562 περιπορφύρους
390 475 719 565 φοινικοπαρύφους,
755 473 795 558 ἃς
835 483 976 547 καλοῦσι
1015 505 1091 567 τρα-

72 583 154 667 βέας
186 584 270 669 (ἔστι
303 581 336 651 δ’
373 581 548 671 ἐπιχώριος
584 583 669 670 αὕτη
702 581 877 670 Ῥωμαίοις
912 583 1015 672 ἐσθὴς
1052 588 1089 654 έν

73 701 145 769 τοῖς
176 691 269 757 πάνυ
299 689 410 778 τιμία)
443 690 499 757 καλ
534 689 595 769 τδις
625 693 834 778 καλουμένας
865 689 986 773 ἀπίκας
1023 694 1088 761 έπι-

72 800 223 883 κείμενοι
254 809 327 875 ταῖς
357 803 538 884 κεφαλαῖς,
569 801 687 876 πίλους
717 793 869 885 ὑψηλοὺς
900 803 948 878 είς
980 802 1116 886 σχημαε

75 905 329 989 συναγομένους
363 904 561 989 κωνοειδές,
598 898 638 983 άς
666 901 827 991 Ἕλληνες
862 905 1088 994 προσαγορεύ-

75 1029 153 1077 ουσι
185 1013 376 1098 κυρβασίας.
430 1011 634 1096 παρέζωσται
667 1008 699 1077 δ’
729 1012 865 1090 ἕκαστος
899 1007 1012 1080 αύτῷν
1044 1011 1124 1095 ξί-3

26 1137 145 1204 ιεσφος
173 1116 230 1186 καὶ
256 1119 295 1205 τῇ
324 1116 385 1204 μὲν
419 1119 510 1207 δεξιῷ
541 1117 627 1205 χειρί
654 1114 780 1204 λόγχην
806 1111 828 1204 ἢ
852 1111 982 1206 ῥάβδον
1008 1117 1030 1205 η’
1057 1144 1089 1186 τι

73 1220 209 1291 τοιοῦθ’
240 1224 354 1312 ἕτερον
380 1237 508 1309 κρατεῖ,
539 1226 579 1312 τῇ
608 1222 640 1291 δ’
670 1222 832 1314 εύωνύμφ
858 1227 987 1312 κατέχει
1014 1226 1090 1293 πέλ-

73 1355 136 1417 την
164 1333 327 1419 Θρᾳκίαν·
359 1326 381 1417 ἡ
409 1326 441 1397 δ’
471 1331 541 1399 ἐστὶ
568 1333 761 1420 ῥομβοειδεῖ
784 1335 899 1423 θυρεῷ
932 1332 1088 1400 στενωτέ-
1103 1356 1128 1395 10

74 1463 138 1525 ρας
165 1441 275 1524 ἔχοντι
301 1434 359 1517 τὰς
387 1434 533 1523 λαγόνας
560 1436 721 1526 ἐμφερής,
749 1441 821 1518 οἵας
847 1439 1003 1523 λέγονται
1030 1439 1103 1524 φέε

75 1569 149 1630 ρειν
186 1546 223 1611 οί
253 1540 296 1612 τδι
331 1541 521 1630 Κουρήτων
556 1539 635 1629 παρ’
661 1540 821 1630 Ἕλλησιν
862 1545 1089 1626 ἐπιτελοῦντες

74 1649 159 1738 ίερά.
204 1654 264 1717 καί
283 1654 369 1718 είσιν
399 1653 434 1717 οί
455 1648 566 1718 σάλιοι
592 1647 676 1717 κατὰ
702 1654 788 1736 γοῦν
810 1649 873 1737 τὴν
896 1648 980 1737 ἐμὴν
1002 1649 1125 1737 γνῷ-4

74 1781 144 1843 μην
166 1753 349 1848 Ἑλληνικῷ
377 1756 708 1844 μεθερμηνευθέντες
736 1753 876 1843 ὀνόματι
903 1760 1087 1845 Κουρῆτες,

73 1859 138 1948 ὑφ’
167 1860 263 1949 ἡμῶν
290 1861 352 1949 μὲν
379 1863 432 1930 ἐπὶ
463 1866 522 1949 τῆς
552 1860 682 1950 ἡλικίας
716 1860 822 1944 οὕτως
853 1861 1089 1950 ὠνομασμένοι
1103 1888 1128 1928 15

74 1966 166 2056 παρὰ
192 1965 273 2047 τοὺς
299 1967 458 2055 κούρους,
486 1965 553 2037 ὑπὸ
582 1968 620 2037 δὲ
642 1967 815 2057 Ῥωμαίων
843 1971 896 2039 ἐπὶ
922 1974 980 2057 τῆς
1010 1990 1088 2039 συν·

73 2074 180 2144 τόνου
205 2072 377 2161 κινήσεως.
426 2074 463 2144 τὸ
496 2073 560 2165 γὰρ
593 2075 794 2158 ἐξάλλεσθαί
822 2103 858 2146 τε
889 2078 945 2146 καὶ
976 2080 1089 2164 πηδᾶν

75 2190 191 2270 σαλῖρε
214 2179 271 2249 ὑπ’
298 2179 409 2249 αὐτῶν
432 2182 568 2267 λέγεται.
614 2178 679 2250 άπὸ
709 2182 746 2251 δέ
772 2186 831 2270 της
857 2179 959 2271 αύτης
982 2189 1090 2265 αίτίας

73 2287 231 2368 καὶτοὺς
258 2286 382 2369 ἄλλους
404 2285 553 2368 ἅπαντας
576 2286 754 2377 ὀρχηστάς,
778 2290 848 2358 ἐπεὶ
869 2289 934 2358 κάν
957 2289 1090 2370 τούτοις

74 2393 163 2464 πολύ
199 2394 237 2464 τὸ
278 2392 367 2482 ἅλμα
407 2395 463 2462 καὶ
509 2399 672 2482 σκίρτημα
717 2400 844 2482 ἔνεστι,
881 2395 1089 2485 παράγοντες
1102 2419 1129 2459 ιο

74 2501 142 2571 άπὸ
168 2505 237 2571 τῷν
266 2507 391 2570 σαλίων
418 2498 569 2588 τούνομα
601 2500 814 2589 σαλτάτωρας
841 2506 1013 2571 καλοῦσιν.
1059 2507 1091 2570 εί
1103 2499 1124 2564 5

26 2606 257 2699 δθλδέύρθῷς
282 2605 451 2695 ὑπείληφα
477 2606 603 2693 ταύτην
632 2605 747 2688 αὐτοῖς
768 2605 831 2696 τὴν
857 2614 1089 2697 προσηγορίαν

75 2713 261 2795 ἀποδιδοὺς
288 2716 324 2783 έκ
351 2718 419 2783 τῷν
451 2715 662 2801 γιγνομένων
691 2711 750 2783 ὑπ’
780 2711 893 2784 αύτῷν
921 2713 939 2784 ὁ
967 2714 1089 2802 βουλό-

75 2849 178 2912 μενος
200 2827 371 2908 συμβαλεῖ.
408 2824 582 2890 κινοῦνται
600 2819 665 2909 γὰρ
683 2819 767 2918 πρὸς
785 2818 891 2890 αύλδν
911 2823 948 2892 έν
967 2824 1088 2914 ῥυθμῷ

73 2927 134 3009 τὰς
170 2931 347 3008 ἐνοπλίους
386 2927 535 3016 κινήσεις
575 2927 649 2996 τοτὲ
690 2928 752 3015 μὲν
789 2927 895 3016 ὁμοῦ,
935 2927 1010 2999 ποτέ
1052 2928 1090 2998 δέ
1103 2951 1129 2992 ιε

147 3130 164 3180 2
183 3119 413 3194 περιπορφύρους
431 3122 508 3178 ABb
540 3118 704 3196 πορφύρονς
726 3125 773 3179 Ba
798 3128 802 3194 Ι
827 3123 1089 3196 φονικωπαρύφους

74 3198 122 3252 Ba
147 3197 151 3266 Ι
175 3195 318 3269 τραββέαν
340 3195 363 3248 Β
440 3201 457 3248 4
480 3189 586 3257 ἅπιιιας
607 3193 631 3248 Β
663 3190 769 3259 άπιιιδς
791 3197 829 3264 A,
853 3198 999 3252 amentum
1019 3210 1088 3250 corr.

73 3268 214 3324 Bficheler
286 3273 320 3322 10
338 3263 545 3340 βαβδοειδεῑΑ
565 3268 569 3334 Ι
591 3265 755 3336 στενοτέρας
774 3268 850 3322 Assa
922 3272 955 3321 13
975 3260 1089 3352 γνάμην

73 3338 220 3409 Kiessling
242 3339 287 3393 Pr.
311 3338 373 3392 Bas.
397 3356 424 3407 p.
445 3343 479 3392 10
511 3338 615 3407 γνῶσιν
638 3337 688 3392 Bb
712 3354 766 3394 om.
785 3339 861 3393 ΑΒε
934 3333 967 3391 14
985 3355 1089 3404 κουρη-

74 3411 183 3474 τεςΒ.
219 3414 311 3466 11116
331 3403 389 3479 έπλ]
409 3402 529 3463 &mh
584 3415 618 3465 18
637 3405 732 3479 σάλιρε
753 3408 805 3463 ΑΒ
860 3414 894 3464 19
912 3403 1022 3468 πάντας
1036 3407 1089 3460 ΑΒ

75 3489 108 3538 21
130 3477 286 3550 σαλύτορας
304 3481 357 3535 AB
376 3496 444 3536 corr.
463 3479 565 3534 Portus
