2454 3916
533 223 696 272 -A-
1082 223 1124 287 15

104 387 240 462 θρωποι
273 377 619 466 προσαγορευόμενοι,
652 382 748 467 μέχρι
781 380 842 466 μὲν
873 384 934 450 τοῦ
970 385 1124 468 Τρωικοῦ

105 485 253 570 πολέμου
276 481 339 571 τὴν
362 481 507 572 ἀρχαίαν
530 489 600 553 τόν
619 483 841 572 Ἀβοριγίνων
865 484 1051 574 ὀνομασίαν
1075 493 1123 556 ἔτι

106 591 279 719 σρόζοντες,
298 590 351 658 ἐπὶ
371 591 409 659 δὲ
427 596 578 660 Λατίνου
596 593 769 678 βασιλέως,
788 589 825 672 ὃς
845 593 927 661 κατά
951 592 1011 663 τὸν
1027 593 1122 662 Ἰλια-

105 696 166 765 κὸν
184 698 335 784 πόλεμον
354 697 565 784 ἐδυνάστευε,
579 705 720 767 Λατῖνοι
740 698 921 787 ἀρξάμενοι
938 708 1122 768 καλεῖσθαι.

100 801 275 890 Ῥωμύλου
303 803 341 872 δὲ
370 802 433 890 τὴν
461 803 640 891 ἐπώνυμον
673 804 779 874 αύτού
806 804 907 874 πόλιν
935 783 1165 934 οίκίσαντοςέ

106 911 279 978 ἑκκαίδεκα
316 924 447 995 γενεαῖς
481 915 551 979 των
591 916 751 998 Τρωικῶν
788 909 946 999 ὕστερον,
977 909 1020 999 ἣν
1057 916 1122 981 νύν

62 1032 88 1082 11
105 1014 276 1104 ἔχουσιν’
260 1022 447 1103 ονομασίαν
466 1016 719 1103 μεταλαβόντες,
736 1023 837 1099 ἐθνος
858 1043 894 1087 τε
912 1019 1069 1106 μέγιστον
1088 1022 1122 1101 ἐξ

105 1125 281 1210 ἐλαχίστου
299 1123 460 1208 γενέσθαι
480 1121 545 1192 σύν
559 1122 670 1214 χρόνῳ
685 1125 937 1213 παρεσκεύασαν
956 1128 1012 1194 καί
1030 1150 1121 1211 περι-

104 1230 314 1316 φανέστατον
338 1230 371 1310 ἐξ
394 1227 614 1316 ἀδηλοτάτου,
633 1234 701 1298 τόν
720 1258 755 1300 τε
775 1232 943 1319 δεομένων
963 1232 1122 1320 οἰκήσεως

104 1335 191 1423 παρὰ
217 1341 314 1423 σφίσι
336 1336 570 1427 φιλανθρώπῳ
589 1338 746 1426 ἀποδοχῇ
765 1339 822 1405 καὶ
840 1344 1007 1420 πολιτείας
1025 1366 1121 1427 μετα·
1135 1362 1162 1403 ιο

105 1442 196 1511 δόσει
220 1453 291 1521 τοῖς
312 1441 393 1529 μετὰ
415 1446 477 1510 τοῦ
500 1449 661 1529 γενναίου
692 1445 729 1511 ἐν
752 1444 885 1534 πολέμῳ
912 1455 1120 1533 κρατηθεῖσι,

104 1551 238 1617 δούλων
270 1575 306 1617 τε
338 1546 413 1617 ὅσοι
449 1547 528 1637 παρ’
559 1547 673 1630 αύτοῖς
710 1552 974 1639 ἐλευθερωθεῖεν
1006 1549 1120 1634 ἀστοῖς

103 1654 188 1725 εἶναι
219 1655 445 1743 συγχωρήσει,
477 1654 578 1742 τύχης
609 1683 643 1725 τε
676 1654 870 1741 ἀνθρώπων
903 1655 1063 1746 οὐδεμιᾶς
1090 1664 1121 1727 εί

103 1763 218 1849 με’λλοι
240 1761 279 1831 τὸ
303 1760 421 1830 κοινὸν
445 1760 590 1848 ἀφελεῖν
614 1760 809 1843 ἀπαξιώσει·
846 1762 931 1853 ὑπὲρ
954 1769 1058 1833 ταῦτα
1082 1765 1120 1833 δὲ

101 1869 210 1938 πάντα
237 1867 352 1959 κόσμω
379 1872 441 1937 ποκ’
469 1866 772 1957 πολιτεύματος,“
753 1898 794 1938 ον
823 1874 859 1939 ἐκ
884 1875 1020 1939 πολλῶν
1044 1897 1118 1939 κατ·
1132 1893 1158 1933 15

64 2013 65 2016 ¹
102 1975 283 2063 εστήσαντο
307 1975 530 2062 παθημάτων,
551 1978 586 2043 ἐκ
604 1975 728 2056 παντός
746 1988 867 2066 καιροῦ
890 1977 1120 2065 λαμβάνοντές

102 2109 131 2151 τι
153 2081 330 2171 χρήσιμον.

188 2208 228 2272 X.
265 2202 351 2285 Τούς
374 2205 412 2274 δε
433 2204 695 2294 Ἀβοριγῖνας,’
676 2204 736 2293 αφ’
759 2235 808 2276 ων
831 2207 925 2297 ἀρχει
942 2207 1118 2296 Ῥωμαίοις

101 2311 136 2380 τὸ
160 2313 270 2398 γένος,
290 2314 326 2379 οί
341 2312 403 2399 μὲν
423 2309 635 2399 αὐτόχθονας
650 2311 802 2399 Ἰταλίας,
820 2317 918 2398 γένος
937 2313 1018 2382 αύτὸ
1037 2312 1113 2382 καθ’

102 2417 198 2487 ἑαυτὸ
223 2417 409 2505 γενόμενον
433 2417 696 2507 ἀποφαίνουσιν·
723 2417 866 2487 Ἰταλίαν
890 2419 928 2487 δὲ
945 2425 1035 2489 καλῶ
1054 2419 1156 2507 τὴνῖθ

101 2521 203 2611 ἀκτὴν
227 2524 422 2612 σύμπασαν,
451 2523 536 2612 ὅσην
555 2523 676 2604 Ἰόνιός
703 2550 738 2592 τε
760 2522 885 2606 κόλπος
906 2526 962 2593 καὶ
990 2534 1115 2616 Τυρρη·

100 2631 173 2715 νικὴ
203 2630 362 2698 θάλασσα
388 2631 446 2699 καὶ
473 2637 581 2720 τρίται
603 2633 818 2720 περιέχουσιν
842 2633 878 2699 ἐκ
900 2631 1115 2719 γῆς’Ἀλπεις.

64 2733 87 2786 ²⁸
100 2737 153 2805 καὶ
175 2735 240 2824 τὴν
264 2735 450 2824 ὀνομασίαν
475 2728 590 2817 αὐτοῖς
616 2735 679 2823 τὴν
705 2740 841 2824 πρωτην
865 2739 947 2824 φασδ
972 2747 1115 2829 τεθῆναι

100 3003 166 3042 corr
185 2987 259 3055 Bmg
273 2989 279 3056 Ι
295 2988 401 3048 διτταῖς
419 2984 563 3054 Kiessling
585 2980 729 3048 αύταῖςΟ
759 2992 875 3056 συχναῖς
893 2987 1014 3076 Sylburg
1039 3007 1114 3058 τρισ-

100 3064 159 3120 σαῖς
176 3057 283 3112 Reiske
305 3056 360 3112 del.
384 3057 485 3111 Pfluk
557 3062 573 3111 2
598 3056 633 3112 cf.
654 3057 750 3127 Steph
771 3058 836 3125 Byz.
860 3076 881 3112 ε.
899 3077 925 3113 v.
948 3055 1114 3147 Ἀβοριγῖνες

133 3124 367 3183 ὀίδυνάστευε
387 3127 409 3180 Β
445 3074 722 3183 ἀδυνάστενοερ
658 3127 683 3180 Β
707 3131 737 3182 et
759 3128 896 3183 Eusebius
978 3137 994 3184 6
1023 3126 1112 3185 αύτού

100 3199 207 3270 Sauppe
233 3197 306 3268 Ep.h
331 3197 408 3253 Gott.
388 3202 502 3254 11861
530 3218 557 3268 p.
583 3204 651 3253 1859
689 3194 780 3254 αύτού
800 3198 848 3252 ΑΒ
874 3206 877 3265 Ι
904 3198 1112 3268 οίκήσαντοςΟ

99 3274 160 3326 δτε
176 3218 277 3326 om.pB
321 3274 354 3324 15
369 3267 615 3339 μίλλοιενΒίῒεοΒΙ
665 3275 698 3324 16
713 3269 927 3340 τούΒωρτεΟ
978 3276 1013 3325 20
1026 3272 1114 3325 verba

99 3340 219 3410 γένος..
237 3337 412 3428 ,γενόμενον
432 3340 486 3396 del
502 3339 604 3395 (λωντος
620 3340 684 3395 Obs.
705 3341 743 3394 ad
757 3339 873 3411 Dionys
887 3359 914 3410 p
925 3347 959 3394 31
1015 3347 1049 3393 22
1063 3339 1113 3394 καὶ

99 3408 247 3482 τορρηνικὴ
266 3409 446 3494 θάλασοαΒ,
462 3430 516 3467 om.
530 3415 555 3465 A
570 3415 606 3481 (τί
620 3413 781 3482 thyrrenum
794 3429 869 3467 νιατσ
882 3413 958 3479 Eua.)
1013 3415 1047 3464 23
1061 3430 1111 3466 πε

100 3481 279 3550 ριίπονσινΒ
296 3484 300 3552 Ι
318 3479 402 3537 ἐκ
369 3501 418 3550 της
436 3455 461 3536 A
