2454 3916
500 224 665 276 ,Γ-

73 407 144 471 μεν.
180 381 237 450 καὶ
255 382 316 450 έδιν
334 379 415 469 ἡμῖν
433 378 516 450 κατὰ
534 384 620 448 νοῦν
639 379 775 470 χωρήσῃ
793 380 831 449 τὸ
851 385 962 469 ἔργον,
977 379 1088 469 ὥσπερ
1102 385 1143 451 13

68 491 110 558 τὸ
138 488 228 569 είκὸς
255 492 336 576 ἔχει,
362 492 548 574 Φιδηναῖοί
572 514 608 556 τε
639 488 695 555 καὶ
725 486 926 557 Οὐιεντανοὶ
952 495 1090 578 βαρείας

71 594 322 677 ἀπαλλάξαντες
343 593 430 684 ῆμάς
451 593 620 683 ὑποταγῆς
643 592 689 674 άς
711 593 770 681 ὑφ’
791 593 888 683 ἡμῶν
909 600 1009 664 τοῦτο
1033 619 1088 663 πε-

71 701 240 782 πονθότες
262 700 358 772 αὐτοὶ
376 702 476 792 χάριν
494 700 576 790 ῆμῑν
594 711 750 770 εἴσονται.
791 706 896 771 ταῦτα
915 703 976 790 μέν
996 705 1087 772 ἐστιν
1139 792 1142 799 Ι

71 806 93 877 ά
122 807 179 877 διά
202 813 327 896 πολλῆς
353 812 537 897 φροντίδος
567 811 888 898 παρασκευασθέντα
916 808 1015 878 ἱκανά
1042 809 1114 879 εἷ-5

43 935 46 940 ’
71 943 130 985 ναι
154 920 249 984 δοκεῖ
268 943 326 1003 μοι
348 915 479 1005 θάρσος
500 943 536 986 τε
561 916 618 985 καλ
644 921 841 1004 προθυμίαν
864 920 922 1004 τῆς
944 913 1087 985 ἀποστά-

72 1042 158 1102 σεως
174 1020 257 1110 ὑμῖν
270 1037 464 1112 παρασχεῖν.
492 1020 533 1092 δν
549 1023 587 1092 δέ
605 1022 732 1109 τρόπον
747 1026 924 1112 ἐπιχειρεῖν
938 1027 984 1116 τῷ
1000 1029 1086 1114 ἔργῳ
1098 1025 1142 1090 14
1206 1038 1210 1047 ’

72 1128 313 1216 βεβούλευμαι,
338 1128 432 1197 τοῦτ’
457 1125 625 1199 ἀκούσατέ
649 1151 728 1217 μου·
760 1128 855 1211 τάξιν
882 1128 944 1217 μέν
968 1127 1088 1198 άποδέ-

73 1238 163 1305 δωκέ
183 1262 241 1324 μοι
263 1234 392 1315 Τύλλος
412 1234 475 1323 τῆν
493 1232 559 1304 ὑπὸ
578 1239 623 1328 τῷ
648 1234 720 1324 ὄρει
741 1237 798 1304 καὶ
820 1235 947 1304 κελεύει
966 1263 1006 1324 με
1024 1246 1087 1304 θα·
1152 1240 1155 1249 '

71 1346 173 1432 τέρου
195 1346 263 1411 τάν
286 1341 436 1432 κεράτων
461 1340 588 1430 άρχειν,
612 1341 694 1412 ὅταν
723 1342 761 1410 δέ
788 1345 960 1429 μέλλωμεν
984 1340 1087 1430 ὁμόσε
1102 1371 1129 1410 ιο

72 1464 144 1530 τοῖς
165 1455 337 1537 πολεμίοις
359 1463 492 1539 χωρεῖν,
511 1449 601 1538 άρξω
620 1449 682 1537 μέν
705 1448 770 1536 έγώ
788 1447 893 1528 λύσας
911 1446 975 1536 τῆν
992 1448 1088 1530 τάξιν
1151 1527 1152 1530 ¹

71 1557 127 1625 έπλ
149 1555 186 1625 τδ
211 1555 290 1646 όρος
312 1554 420 1641 άγειν,
442 1554 691 1643 ἀκολουθήσετε
715 1558 755 1625 δέ
773 1582 831 1644 μοι
854 1551 950 1641 ὑμεῖς
973 1574 1088 1624 συντε-

70 1663 258 1750 ταγμένους
289 1662 429 1750 άγοντες
458 1664 539 1742 τοὺς
569 1663 698 1750 λόχους.
752 1660 924 1749 ἁψάμενος
954 1660 993 1729 δὲ
1018 1665 1088 1729 τῶν

71 1769 186 1859 άκρων
213 1772 270 1839 καὶ
297 1773 334 1840 έν
362 1775 407 1864 τιβ
436 1769 582 1856 άσφαλεῖ
608 1770 793 1858 γενόμενος
818 1774 895 1837 τίνα
921 1767 1087 1856 χρήσομαι

24 1876 204 1965 ινετρόπον
231 1891 303 1958 τοῖς
333 1876 415 1966 μετὰ
449 1881 553 1947 ταῦτα
584 1877 777 1967 πράγμασιν
811 1874 979 1945 άκοόσατέ
1008 1896 1087 1962 μου·
1101 1900 1127 1941 15

72 1981 133 2053 έδιν
156 1983 218 2071 μέν
241 1981 311 2072 δρῶ
334 1981 417 2053 κατά
439 1983 579 2072 γνόμῆν
606 1980 628 2053 ά
660 1988 889 2071 διαλογίζομαι
912 1980 1088 2071 χωροῦντά
1100 1981 1142 2048 15

71 2117 131 2179 μοι
157 2091 213 2159 καὶ
239 2100 380 2180 θρασεῖς
408 2089 470 2178 μέν
497 2091 679 2179 γεγονότας
705 2089 784 2169 τοὺς
815 2095 1010 2176 πολεμίους,
1043 2085 1089 2168 ὡς

70 2195 169 2285 ἡμῶν
189 2195 303 2278 αὐτοῖς
326 2196 646 2285 συλλαμβανόντων,
668 2193 846 2276 ταπεινοὺς
868 2194 906 2263 δέ
923 2195 979 2262 καὶ
998 2218 1088 2283 περι-

71 2303 205 2393 φόβους
221 2301 418 2392 Ῥωμαίους,
442 2300 487 2383 οδς
508 2304 782 2393 προδεδομένους
807 2299 868 2390 ὑφ’
894 2299 1002 2388 ήμῶν,
1024 2328 1088 2389 φυ-

70 2415 135 2500 γῆς
160 2437 195 2480 τε
223 2415 352 2498 μᾶλλον
379 2406 401 2497 ῆ
428 2407 531 2497 άλκῆς
556 2411 847 2497 προνοουμένους,
876 2406 957 2496 ὅπερ
988 2406 1087 2492 είκός,
1102 2431 1129 2472 εο

71 2516 279 2608 ἐπιθήσομαι
302 2516 416 2596 αὐτοῖς
438 2517 493 2584 καὶ
520 2515 643 2606 μεστὸν
665 2515 796 2604 ποιήσω
818 2518 948 2602 νεκράν
971 2512 1009 2584 τὸ
1032 2539 1087 2582 πε-

73 2631 151 2695 δίον
183 2628 218 2708 έξ
248 2624 447 2712 ὑπερδεξίου
478 2651 513 2693 τε
544 2621 669 2692 κατιὼν
702 2624 755 2691 έπὶ
781 2623 819 2692 τὸ
851 2620 977 2711 πρανὲς
1002 2629 1088 2709 θαρ-

72 2731 182 2822 ροόσχ
204 2732 313 2800 τεκαὶ
333 2732 580 2820 συντεταγμένῃ
601 2729 744 2818 δυνάμει
762 2727 845 2818 πρὸς
863 2730 1089 2815 ἐπτοημένους

71 2837 279 2928 άνθράπους
309 2837 586 2927 προσφερόμενος
616 2836 672 2905 καλ
705 2833 883 2923 σποράδας.
929 2833 1024 2923 δεινῆ
1053 2833 1084 2902 δ’
1100 2831 1140 2896 16

72 2949 111 3016 έν
135 2959 205 3025 τοῖς
227 2947 384 3032 πολέμοις
405 2945 461 3012 καὶ
488 2941 509 3030 ή
534 2942 591 3011 διά
612 2946 712 3029 κενῆς
735 2944 941 3030 ἐμπίπτουσα
963 2947 1086 3029 προδο-
1100 2962 1127 3004 85

73 3058 149 3135 σίας
178 3051 363 3141 συμμάχων
390 3047 411 3139 ῆ
439 3054 609 3137 πολεμίων
635 3048 747 3119 άλλων
780 3047 909 3135 ἐφόδου
939 3048 1086 3136 δόκησις,

147 3277 254 3347 Ῑκδινλ
319 3284 391 3354 Ὶτῷ
412 3279 483 3369 ἔργφ
502 3284 526 3337 Β
544 3278 574 3337 τό
596 3279 678 3351 ἔργον
692 3283 718 3337 Β
754 3275 984 3366 8βεβοόλημαι
1002 3273 1085 3333 ταυτ’

74 3356 187 3412 Ocorr
205 3353 348 3425 Kiessling
412 3360 445 3410 10
464 3349 498 3409 ὅτ
500 3347 607 3409 ’δινΒ
677 3360 711 3408 14
728 3354 767 3428 τῷ
786 3349 955 3421 Κιεεελὶωρίο
972 3351 1087 3405 auctore

73 3427 139 3484 fort.
168 3427 318 3482 delendum
329 3373 389 3481 gest
469 3431 504 3481 25
530 3425 665 3494 διακενῆς
688 3409 905 3495 ΟΙπροδοαίας
929 3421 1086 3491 Stephanus

74 3500 231 3570 προδοσία.
251 3499 274 3553 Β
293 3499 431 3567 προδοσία
449 3499 474 3552 Β
