2454 3916
527 212 692 264 ,Γ-

101 369 296 457 θριάμβους
317 367 474 454 κατάγειν
496 370 624 438 τέκνων
643 367 757 449 αὐτοῖς
775 368 1006 439 ἀπολωλότων·
1023 374 1119 456 ἐναγ-

102 503 175 564 χος,
200 473 282 544 ὅταν
309 472 474 563 εὐτυχήσῃ
503 471 548 543 δι’
574 473 698 554 αὐτούς
725 473 763 545 τὸ
791 475 924 545 κοινόν·
956 472 1040 565 ὑπὲρ
1069 467 1120 544 ὧν

105 581 185 650 κατὰ
208 580 287 662 τοὺς
310 586 455 662 οἰκείους
477 583 542 667 ἐρῶ
564 581 713 668 καιρούς.

192 691 296 758 XXII.
330 686 427 758 Μετά
455 686 582 775 δὲτὴν
610 687 720 776 μάχην
747 692 815 758 τῶν
844 688 1017 776 τριδύμων
1039 687 1119 757 Ῥω-

105 812 198 883 μαῖοι
234 796 296 885 μέν
334 798 369 865 οί
401 796 496 865 τότε
519 795 614 876 όντες
654 797 707 864 έπλ
748 798 976 886 στρατοπέδου
1011 795 1146 884 ταφάςι

93 903 325 991 ποιησάμενοι
352 901 504 992 λαμπρὰς
529 907 597 972 τῶν
626 900 874 972 ἀποθανόντων
902 905 939 971 ἐν
968 897 1018 984 οἷς
1047 909 1119 972 έπε-

48 1018 52 1024 ’
106 1028 170 1078 σον
198 1015 334 1097 χωρίοις
364 1011 419 1078 καί
450 1008 619 1090 θύσαντες
649 1007 821 1078 τάπινίκια
850 1023 922 1090 τοῖς
953 1019 1049 1090 θεοῖς
1081 1012 1118 1079 ἐν

105 1113 299 1197 εὐπαθείαις
330 1108 433 1203 ἦσαν,
458 1114 615 1202 Ἀλβανοὶ
647 1116 685 1184 δὲ
716 1113 902 1203 άχθόμευοι
935 1119 1016 1202 [ἐπί]
1048 1131 1120 1197 τοῖς

106 1222 334 1310 συμβεβηκόσι
355 1225 411 1292 καὶ
433 1222 494 1292 τὸν
516 1222 666 1310 ἡγεμόνα
696 1221 742 1291 δι’
768 1228 876 1304 αἰτίας
904 1229 1050 1312 ἔχοντες,
1074 1221 1120 1304 ὡς

104 1333 215 1408 κακῶς
239 1329 516 1419 ἐστρατηγηκότα,
548 1329 662 1399 άσιτοί
689 1357 725 1398 τε
753 1333 788 1398 οί
812 1335 932 1400 πολλοὶ
957 1332 1014 1398 καὶ
1037 1328 1118 1398 άθε-
1133 1358 1159 1397 10

106 1433 264 1521 ράττευτοι
286 1434 349 1522 τὴν
373 1436 516 1524 ἑσπέραν
534 1438 667 1523 ἐκείνην
687 1439 885 1505 διετέλεσαν.
930 1440 970 1525 τῇ
990 1434 1021 1503 δ’
1044 1437 1118 1522 ἑξῆς
1137 1449 1158 1512 2

105 1539 215 1630 ἡμέρα
241 1545 379 1624 καλέσας
405 1541 528 1623 αύτούς
558 1541 576 1611 ὁ
604 1546 674 1612 τῶν
691 1540 865 1630 Ῥωμαίων
892 1540 1049 1629 βασιλεὺς
1071 1547 1119 1623 είς

105 1650 283 1734 ἐκκλησίαν
322 1651 379 1718 καὶ
419 1647 526 1718 πολλὰ
566 1649 913 1737 παραμυθησάμενος,
956 1646 1001 1728 ὡς
1042 1647 1119 1717 ούτε

105 1752 260 1841 ἄσχημον
284 1754 448 1838 ἐπιτάξων
476 1754 589 1836 αὐτοῖς
618 1754 725 1825 οὐθὲν
756 1755 834 1825 ούτε
860 1753 1005 1843 χαλεπὸν
1036 1753 1116 1824 οὔθ’

105 1856 125 1928 3
164 1859 208 1948 μὴ
245 1866 418 1950 συγγενέσι
453 1865 585 1952 πρέπει,
620 1867 661 1951 τῇ
694 1862 731 1932 δὲ
760 1861 844 1951 αὐτῇ
880 1861 998 1953 γνάμη
1040 1865 1116 1952 περὶ
1131 1878 1157 1919 1⁵

105 1964 305 2056 ἀμφοτέρων
333 1973 402 2039 τάν
431 1968 563 2038 πόλεων
592 1968 633 2038 τά
661 1969 820 2058 κράτιστα
851 1971 907 2038 καὶ
938 1969 1118 2058 συμφορού-

105 2100 188 2142 τατα
211 2075 486 2161 συμβουλεύσων,
504 2076 560 2143 καὶ
582 2073 644 2143 τόν
667 2073 814 2163 άρχουτά
836 2102 872 2144 τε
895 2074 1007 2145 αὐτῶν
1029 2084 1118 2144 Φου

46 2181 247 2268 ιειφέττιον
272 2182 325 2249 ἐπὶ
341 2184 400 2268 τῆς
422 2179 524 2267 αὐτῆς
543 2178 646 2270 ἀρχῆς
663 2179 838 2268 κατασχὼν
856 2180 938 2250 άλλο
961 2209 996 2251 τε
1015 2179 1119 2252 οὐδὲν

104 2291 174 2358 τῶν
205 2292 384 2366 πολιτικόν
416 2288 717 2377 μεθαρμοσάμενος
753 2285 833 2357 ούδὲ
864 2287 1004 2375 κινήσας
1035 2286 1118 2376 άπῆ-

104 2420 165 2480 γευ
198 2392 247 2462 ἐπ’
275 2404 370 2464 οίκου
401 2394 463 2482 τὴν
497 2393 654 2482 δύναμιν.
702 2395 927 2482 καταγαγόντι
959 2394 997 2464 δὲ
1026 2392 1117 2488 αὐτῷ
1132 2401 1158 2487 ζο

103 2499 165 2569 τὸν
197 2503 414 2588 ψηφισθέντα
445 2499 604 2588 ὑπὸτῆς
634 2506 760 2588 βουλῆς
789 2506 962 2589 θρίαμβον
993 2503 1050 2570 καὶ
1076 2500 1117 2570 τὰ

103 2605 258 2676 πολιτικά
289 2608 445 2696 πράττειν
477 2607 652 2700 άρξαμένφ
683 2610 927 2697 προσέρχονται
958 2613 1027 2678 τῶν
1057 2632 1118 2678 πο-

105 2717 211 2782 λιτῶν
232 2712 355 2803 άνδρες
378 2715 438 2785 ούιι
461 2713 602 2803 ἀφανεῖς
630 2714 690 2785 τόν
707 2713 861 2802 Ὁράτιον
890 2714 1028 2803 άγοντες
1050 2711 1116 2784 ὑπὸ

106 2824 222 2906 δίκην,
246 2817 291 2900 ὡς
314 2819 355 2890 ού
377 2820 532 2911 καθαρὸν
555 2825 693 2910 αἳματος
711 2824 877 2910 ἐμφυλίου
901 2821 958 2892 διδι
979 2821 1041 2892 τὸν
1058 2825 1118 2910 τῆς

105 2924 255 3013 ἀδελφῆς
281 2927 406 3015 φόνον·
436 2930 492 2997 καὶ
521 2927 741 3009 καταστάντες
773 2927 903 3019 μακράν
937 2934 1118 3018 διεξῆλθον
1131 2950 1158 2992 ⁹⁵

178 3146 194 3196 8
214 3136 262 3196 ἐπὶ
280 3159 334 3197 om.
353 3143 377 3196 B
451 3148 483 3196 14
503 3137 572 3198 οὔθ’
592 3137 607 3197 3
627 3143 650 3196 Β
669 3137 734 3198 ούτε
754 3137 770 3197 3
788 3144 814 3198 R
886 3149 920 3199 15
943 3139 1031 3214 μὴτὸ
1052 3161 1117 3212 συγ-

103 3262 188 3334 γενὲς
205 3259 350 3354 ἐπιτρέπει
368 3264 391 3320 0
401 3267 516 3354 μεσσόθι
529 3267 552 3321 Β
608 3273 641 3321 17
661 3263 920 3338 συμβουλεύσοντας
929 3269 959 3352 ιΑ
972 3225 1117 3355 <βούῖέυ>

105 3338 236 3409 βασιλευς
255 3359 295 3392 ων
313 3339 336 3391 Β
352 3339 356 3405 Ι
373 3357 463 3392 αυτον
481 3338 506 3392 Α
580 3344 612 3394 19
630 3339 752 3393 πολιτῶν
771 3338 794 3391 Β
865 3343 900 3393 24
919 3357 956 3400 ως
975 3358 1029 3393 ονιι
1047 3357 1117 3391 οντα

103 3402 285 3534 ἔαῗίοχρχδχιθο.
303 3408 407 3465 Reiske
484 3414 519 3463 25
542 3404 731 3472 καταστάντες
755 3405 784 3472 ἐς
806 3405 891 3478 λόγον
908 3408 956 3464 vel
979 3404 1008 3472 ἐς
1026 3409 1117 3479 κρίσιν
