2454 3916
585 221 751 271 -Γ..

120 378 389 463 2στρατοπέδου
422 376 591 444 διώκουσι.
647 374 728 463 μετὰ
761 375 798 444 δὲ
829 373 889 455 τάς
915 375 1021 463 μάχας
1051 375 1221 456 ταῦταςῖῖῖ

160 483 252 571 ἀγὼν
277 484 339 572 μέν
362 486 398 552 ἐκ
420 483 632 571 παρατάξεως
655 482 768 562 οὐδεὶς
795 480 910 563 αὐτοῖς
937 488 986 551 ἔτι
1011 481 1099 573 πρὸς
1122 481 1176 552 ἀλ-

160 591 285 678 λήλους
317 591 477 676 συνέστη,
504 591 711 678 καταδρομαὶ
744 589 782 658 δέ
813 595 872 677 τῆς
904 587 1034 677 ὁμόρου
1067 589 1177 676 χώρας

160 695 217 766 ὑπ’
244 696 444 785 ἀμφοτέρων
468 699 621 783 ἐγίνοντο
645 710 795 783 συνεχεῖς
817 697 873 764 καὶ
896 696 1086 784 συμπλοκαὶ
1108 722 1176 764 τιιν

134 804 352 892 τπεριπόλων
375 808 433 891 τῆς
455 807 517 891 γῆς
540 805 667 872 ἱππέων
690 805 799 872 τεκαὶ
822 807 943 889 ψιλῦν,
967 805 1005 871 έν
1028 798 1084 884 αἷς
1107 807 1176 873 έπε-

161 909 308 998 κράτουν
346 907 391 990 ὡς
422 908 463 979 τά
493 907 600 979 πολλὰ
627 907 785 997 Ῥωμαῖοι
822 910 971 997 δύναμιν
1001 908 1176 998 ῦπανθρον

161 1023 294 1104 ἔχοντες
321 1019 358 1085 έν
385 1031 456 1096 τοῖς
483 1019 667 1104 ἐπικαίροις
694 1021 872 1106 φρουρίοις
898 1015 1177 1105 ὑποκαθημένην,

121 1116 200 1211 3ης
224 1121 241 1191 ὁ
270 1120 444 1210 Τυρρηνὸς
471 1121 656 1209 Ταρκύνιος
678 1119 800 1210 ἡγεῖτο.
845 1121 1037 1211 ἀπέστησαν
1061 1124 1101 1192 δὲ
1123 1125 1176 1192 καὶ

165 1233 346 1315 Φιδηναῖοι
364 1227 536 1316 Ῥωμαίων
564 1227 647 1296 κατά
674 1227 754 1310 τοῦς
786 1226 908 1310 αὐτοὺς
939 1228 1088 1317 χρόνους
1116 1229 1176 1299 οῦκ

122 1363 148 1404 ιο
162 1339 198 1405 ἐκ
220 1340 282 1404 τοῦ
305 1339 456 1423 φανεροῦ
477 1334 538 1405 τὸν
557 1334 705 1422 πόλεμον
728 1333 973 1423 ἀναδείξαντες,
992 1335 1080 1406 ἀλλά
1103 1335 1173 1406 κατ’

162 1440 298 1529 ὀλίγους
329 1443 384 1511 καὶ
416 1444 529 1530 κρύφα
562 1442 624 1528 τὴν
656 1442 771 1531 χώραν
802 1441 915 1512 αῦτοῦν
950 1450 1176 1534 καταδρομαῖς

161 1553 441 1636 κακουργοῦντες·
473 1546 527 1636 ἐφ’
554 1545 614 1628 οῦς
642 1546 659 1616 ὁ
689 1549 845 1636 Μάρκιος
875 1548 1009 1643 εῦζάνφ
1038 1557 1176 1644 στρατιᾷ

162 1654 297 1741 ἐλάσας,
329 1655 410 1742 πρὶν
442 1650 463 1742 ἢ
496 1654 817 1743 παρασκευάσασθαι
853 1655 932 1737 τοὺς
967 1662 1176 1746 Φιδηναίους

160 1761 201 1830 τά
225 1760 309 1848 πρὸς
330 1761 391 1829 τὸν
415 1761 577 1849 πόλεμον,
606 1760 704 1848 έγγῦς
730 1766 790 1849 τῆς
810 1762 939 1844 πόλεως
960 1769 1094 1833 τίθεται
1116 1764 1175 1836 τὸν

162 1867 299 1956 χάρακα.
351 1871 384 1935 οί
412 1866 450 1935 δὲ
476 1865 548 1934 κατ’
577 1864 680 1954 ἀρχὰς
712 1867 774 1955 μέν
806 1867 945 1956 ἀγνοεῖν
972 1871 1175 1959 ἐσκήπτοντο

162 1971 238 2041 ἀντὶ
261 1979 367 2041 ποίων
392 1971 606 2060 ἀδικημάτων
626 1974 766 2062 στρατὸς
789 1971 838 2044 ἐπ’
860 1973 983 2056 αῦτοῦς
1000 1974 1176 2066 Ῥωμαίων

162 2077 316 2167 ἀφῖκται,
348 2082 409 2148 τοῦ
444 2078 480 2147 δέ
512 2082 675 2167 βασιλέως
706 2081 860 2162 εἰπόντος
892 2080 943 2150 ότι
972 2086 1068 2165 δίκας
1095 2082 1173 2173 παρ’

163 2185 274 2255 αῦτῦν
298 2184 371 2272 ἥκει
394 2185 585 2273 ληψόμενος
608 2178 656 2255 ὧν
675 2186 867 2276 διήρπασάν
888 2191 997 2258 τεκαὶ
1019 2183 1176 2278 κατέβλα-

162 2307 231 2374 ψαν
254 2290 360 2362 αὐτοῦ
381 2291 444 2380 τὴν
467 2296 548 2380 γῆν,
575 2291 803 2380 ἀπελογοῦντο
826 2295 912 2383 πρὸς
932 2300 1037 2365 ταῦτα
1062 2295 1108 2379 ὡς
1132 2296 1218 2367 οῦῖιῖ

68 2443 70 2445 .
121 2426 148 2468 ιο
162 2399 200 2469 τὸ
232 2397 351 2469 κοινὸν
381 2409 490 2469 αίτιον
522 2408 574 2487 είη
607 2404 674 2468 νῦν
706 2399 937 2490 ἀδικημάτων,
963 2405 1020 2471 καὶ
1050 2405 1175 2494 χρόνον

29 2539 37 2552 ·
161 2504 305 2595 ᾐτοῦντο
338 2510 386 2586 είς
418 2505 604 2592 διάγνωσίν
635 2532 671 2574 τε
702 2509 758 2575 καλ
789 2507 923 2595 ζήτησιν
950 2513 1019 2578 τῶν
1048 2512 1176 2600 ἐνόχων

102 2599 111 2613 ’
161 2627 235 2693 ταῖς
257 2618 379 2693 αἰτίαις
405 2614 461 2682 καὶ
488 2611 613 2693 πολλὰς
639 2616 842 2704 κατέτριψαν
865 2615 991 2704 ἡμέρας
1013 2616 1175 2706 πράττον-

121 1843 144 1907 4

122 1930 147 1971 15

161 2746 214 2799 τες
237 2719 299 2807 μέν
324 2718 425 2788 οὐδέν
448 2723 517 2788 τῦν
536 2719 697 2806 δεόντων,
722 2721 978 2809 ἐπικαλούμενοι
1003 2723 1041 2791 δὲ
1063 2725 1176 2813 κρύφα

161 2824 241 2906 τοῦς
257 2826 452 2913 συμμάχους
466 2827 522 2895 καὶ
538 2828 614 2912 περὶ
633 2826 840 2915 κατασκευὴν
859 2827 973 2898 ὅπλων
991 2831 1175 2919 γινόμενοι.

123 2954 149 2996 ετ
252 2935 384 3001 XXXX.
409 2932 547 3003 Μαθὼν
571 2933 610 3002 δέ
631 2932 693 3021 τὴν
718 2934 875 3004 διάνοιαν
899 2925 1011 3005 αὐτῶν
1035 2934 1054 3005 ό
1082 2937 1175 3028 Μάρ-

161 3065 234 3119 κιος
261 3036 456 3128 ῦπονόμους
486 3038 633 3128 ὤρυττεν
663 3039 727 3110 ἀπὸ
758 3046 817 3128 της
848 3044 936 3123 ίδίας
964 3048 1176 3133 παρεμβολῆς

162 3145 349 3247 ἀρξάμενος
368 3142 433 3215 ὑπὸ
456 3144 498 3215 τά
520 3153 609 3234 τείχη
628 3151 687 3234 της
704 3147 843 3235 πόλεως,
865 3150 921 3217 καλ
944 3149 1060 3240 ἐπειδὴ
1084 3153 1175 3232 τέλος

161 3251 249 3340 εἶχεν
272 3252 338 3341 ἤδη
361 3252 399 3322 τὸ
424 3258 535 3341 ἔργον,
559 3251 748 3342 ἀναστήσας
765 3256 827 3325 τὸν
850 3256 994 3344 στρατὸν
1017 3249 1101 3346 ἦγεν
1125 3259 1174 3328 ἐπὶ

233 3409 367 3471 4ῦπὸΒ
440 3409 625 3486 θῦπαιθρον
643 3416 669 3470 R
695 3411 899 3487 ῦπαίθριονΒ
972 3424 1008 3474 28
1026 3415 1079 3475 τὸν
1095 3438 1174 3490 ,στρα-

161 3480 211 3539 τὸν
229 3487 252 3540 Β
270 3482 324 3557 τὴν
342 3481 475 3556 στρατιάν
492 3485 518 3538 R

180 3592 324 3680 fl«
