2454 3916
492 102 660 155 ..Α-

65 252 110 349 ἦν
141 266 363 350 προτείχισμα
389 263 448 349 τῆς
480 259 583 349 ἀλλης
613 259 789 349 δυνάμεως
818 263 855 329 ἐν
888 262 1021 352 ἐρυμνῷ
1048 286 1084 328 τε
1141 286 1146 294 ·

64 369 373 455 κατεσκευασμένος
403 373 514 459 χωρίῳ
546 369 602 436 καλ
634 366 697 455 τὴν
727 374 909 458 κρατίστην
943 365 1085 454 νεότητα

69 478 259 562 Τυρρηνῶν
287 479 388 561 έχων,
415 466 456 562 ἧς
482 472 594 561 ἡγεῖτο
622 480 816 543 Μεσεντίου
842 489 921 554 παῖς
948 477 1085 553 Λαῦσος

65 581 196 669 ὄνομα,
230 579 371 661 οὐδενὸς
400 584 630 668 προιδομένου
664 580 727 670 τὴν
764 585 891 669 ἔφοδον
928 583 1084 668 αἱροῦσιν

64 688 213 770 εὐπετῶς
248 688 286 758 τὸ
324 688 491 778 ὀχύρωμα.
536 691 574 758 ἐν
610 681 638 782 ᾧ
671 688 709 758 δέ
743 688 782 759 τὸ
820 694 946 779 χωρίον
982 689 1110 755 τοῦτοῦ

64 794 233 884 ἡλίσκετο,
256 800 329 884 φῶς
350 823 386 865 τε
408 794 551 885 ἀκαιρον
574 794 719 886 ὁρῶντες
742 800 777 865 οί
803 799 840 865 ἐν
862 809 933 876 τοῖς
955 797 1084 873 πεδίοις

66 901 406 992 ἐστρατοπεδευκότες
432 904 488 970 καὶ
512 901 599 990 βοὴν
626 907 695 971 τῶν
719 900 962 991 ἀπολλυμένων
984 899 1084 969 ἀκού-

67 1034 166 1088 οντες
183 1013 329 1095 ἔφευγον
348 1008 538 1089 ἐκλιπόντες
557 1008 637 1089 τοὺς
653 1007 813 1090 πεδινοὺς
830 1009 955 1089 τόπους
973 1009 1025 1077 ἐπὶ
1043 1003 1084 1075 τὰ
1102 1005 1126 1070 4

67 1115 142 1203 όρη.
188 1117 226 1184 ἐν
245 1113 284 1182 δέ
301 1113 409 1206 τούτῳ
426 1113 533 1203 πολλὴ
553 1117 683 1201 ἐγένετο
701 1114 827 1203 ταραχὴ
846 1117 902 1183 καὶ
920 1115 1084 1203 θόρυβος,

69 1218 126 1292 οἷα
145 1225 184 1291 ἐν
202 1223 299 1290 νυκτὶ
311 1224 515 1310 κινουμένης
529 1226 695 1311 στρατιᾶς,
715 1218 760 1301 ῶς
778 1219 897 1290 αὐτίκα
915 1219 1004 1308 μάλα
1016 1222 1085 1288 τῶν
1095 1252 1126 1292 ιο

20 1334 243 1418 Βσπολεμίωυ
268 1335 386 1417 σφίσιν
407 1331 664 1417 ἐπιθησομένων
697 1326 739 1396 οὐ
767 1326 831 1406 σὺν
859 1327 974 1418 κόσμῳ
1006 1322 1086 1394 οόδέ

67 1433 152 1505 κατὰ
170 1438 248 1522 τέλη
273 1433 379 1523 <τὴν>
394 1440 510 1503 ἔλασιν
525 1434 796 1523 <ποιουμένοις>·
825 1437 860 1502 οί
876 1433 915 1502 δέ
933 1439 1085 1519 Λατῖνοι,

68 1542 184 1630 ἐπειδὴ
211 1542 250 1611 τό
279 1567 314 1611 τε
342 1540 510 1630 φρούριον
538 1544 571 1625 ἐξ
600 1541 729 1630 ἐφόδου
743 1540 745 1547 ’
758 1539 1002 1628 κατειλήφεσαν
1029 1540 1086 1606 καί

68 1649 108 1719 τὸ
135 1648 219 1717 ἀλλο
247 1648 434 1740 στράτευμα
462 1654 592 1736 ἔμαθον
621 1650 884 1736 τεταραγμένον,
917 1649 1084 1716 ἐπέκειντο

70 1755 184 1837 αὐτοῖς
215 1761 402 1836 κτείνοντες
427 1756 484 1824 καί
512 1752 699 1834 διιόκοντες.
744 1758 813 1822 τῶν
842 1751 873 1821 δ’
905 1751 967 1840 οὐχ
995 1750 1086 1832 ὅπως
1099 1784 1130 1824 ιε

70 1891 120 1944 τις
155 1861 241 1951 πρὸς
271 1860 377 1949 ἀλκὴν
412 1863 599 1949 τραπέσθαι
631 1863 864 1949 ἐπεχείρησεν,
897 1857 969 1928 ἀλλ’
1006 1857 1091 1928 οὐδὲ4

71 1978 196 2058 μαθεῖν
224 1970 263 2037 ἐν
290 1962 342 2048 οἷς
368 1959 456 2055 ἦσαν
484 1981 599 2048 κακοῖς
620 1965 788 2055 ἠδύνατο·
820 1965 885 2035 ὑπὸ
915 1966 954 2035 δὲ
979 1964 1086 2052 θορό-

70 2084 136 2164 βου
162 2076 219 2144 καί
246 2072 432 2162 ἀμηχανίας
460 2077 496 2141 οί
521 2072 583 2160 μὲν
609 2071 693 2141 κατὰ
720 2076 881 2162 κρημνῶν
904 2073 1087 2161 φερόμενοι

72 2187 331 2271 διεφθείροντο,
364 2183 399 2249 οί
428 2178 464 2247 δ’
494 2184 542 2260 είς
574 2179 749 2269 φάραγγας
780 2178 963 2261 ἀνεξόδους
994 2181 1087 2266 ἐμπί-

69 2315 209 2369 πτοντες
235 2285 426 2375 ἡλίσκοντο,
450 2289 484 2355 οί
506 2286 544 2355 δέ
565 2295 714 2355 πλεῖστοι
737 2285 965 2373 ἀγνοήσαντες
986 2283 1086 2372 ἀλλή-
1100 2315 1130 2355 ιο

70 2405 153 2477 λους
180 2393 246 2463 ἀνὰ
268 2393 307 2463 τὸ
335 2392 453 2473 σκότος
481 2390 545 2462 ὅσα
566 2397 747 2480 πολεμίους
775 2394 956 2478 διέθεσαν,
983 2393 1039 2461 καὶ
1067 2387 1085 2460 ὁ

145 2651 159 2699 1
181 2639 213 2699 έν
231 2644 254 2698 Β
273 2627 371 2698 om.'R
443 2650 459 2697 2
478 2639 744 2729 καταοκευασμέυος
761 2643 784 2696 Β
857 2647 874 2696 4
895 2638 1087 2713 προιδομένου

71 2717 116 2774 Ba
135 2715 260 2787 Sylburg
276 2712 481 2786 προειδομένου
494 2715 520 2768 R
574 2711 702 2785 θᾷευμα
724 2715 750 2769 Α
804 2719 821 2768 8
840 2710 964 2784 ἔφευγον
983 2713 1087 2769 Badd.

71 2788 99 2843 in
121 2804 178 2857 mg
211 2789 216 2854 Ι
254 2781 417 2849 ἐκλιπόντες
441 2802 495 2841 om.
513 2785 551 2854 B,
583 2784 632 2840 sed
659 2787 726 2855 post
750 2780 855 2846 τόπους
881 2801 966 2855 supra
992 2783 1086 2854 script.

72 2853 263 2920 ἀπολιπόντες
280 2858 327 2913 Bb
357 2858 361 2926 Ι
383 2850 537 2918 ταπεινοδς
553 2855 580 2911 Α
652 2862 687 2913 10
709 2857 759 2925 τῆς
784 2855 914 2924 στρατιᾶς
937 2874 960 2911 ο.
982 2854 1087 2910 Meutz-

73 2946 120 2985 ner
148 2927 221 2984 Ann.
253 2929 323 2999 phil.
352 2934 420 2984 1877
451 2945 480 2998 p.
503 2933 556 2983 828
590 2928 595 2996 Ι
627 2922 704 2997 μάλα
731 2928 831 2985 om,B
922 2932 955 2982 12
983 2923 1035 2996 τὴν
1058 2927 1089 2982 et

73 3019 155 3056 τοιον
178 2999 255 3062 ένοις
272 2999 336 3054 add.
354 2999 500 3055 Meutzner
516 2997 536 3052 l.
555 2998 575 3052 l.
608 2995 704 3053 ἔλασιν
722 3000 748 3054 Α
780 2996 878 3053 ἕλωσιν
896 2998 944 3053 Ba,
975 2991 1088 3052 ἐλάσειν

74 3070 116 3127 Bb
162 3065 317 3126 λαόνουσιν
334 3070 442 3140 Kayser
458 3072 530 3124 Ann.
549 3068 619 3139 phil.
635 3073 705 3124 1863
718 3076 778 3140 p.6
809 3063 882 3124 κατά
901 3067 968 3136 τέλη
982 3063 1089 3130 ίλάςτε

75 3139 189 3212 Madvig
206 3139 306 3197 Adv.1
323 3160 351 3212 p.
372 3147 423 3197 725
439 3140 444 3212 Ι
460 3138 491 3195 ολ
505 3137 538 3195 δέ
559 3134 671 3222 ἐλάσειν
688 3141 712 3195 Β
785 3147 817 3196 17
837 3137 880 3202 οἷς
897 3130 971 3208 ἦσαν
988 3143 1089 3199 κακοῖς

74 3226 116 3286 Bb
149 3227 193 3292 οἷς
209 3219 364 3319 ᾔνικαιιοῖς
382 3231 430 3284 Ba
447 3225 489 3290 οἷς
506 3233 606 3290 κακοῖς
624 3213 704 3300 ἦνἈ
726 3229 806 3314 οἵοις,
819 3245 843 3284 ο.
861 3226 963 3313 Βεὶχὶο
993 3225 997 3293 Ι
1023 3219 1088 3309 ἐδό-

72 3316 140 3357 νατο
158 3303 185 3356 R
206 3303 352 3370 ηδυναντο
369 3299 514 3356 Μευδτυοτ
531 3301 550 3355 l.
561 3300 582 3356 l.
647 3305 680 3354 19
700 3297 740 3362 είς
759 3295 876 3366 ἐξοδονς
895 3314 948 3352 ουκ
967 3289 1072 3363 έχοντα

71 3369 264 3444 φάραχχαςΒ
336 3378 369 3426 21
388 3367 504 3427 ὁπόοαλ
520 3372 524 3440 Ι
540 3373 685 3442 πολεμίοις
701 3371 727 3422 Α
1058 3399 1061 3402 -
