2454 3916
536 245 701 294 -A-
1081 237 1123 304 27

117 399 253 480 σθέντες
289 401 434 468 ἐκλιπεῖν
471 400 624 468 σύνοικοι
659 407 813 486 γίνονται
843 415 914 481 τοῖς
941 398 1125 490 Ἀβοριγῖσι

112 508 165 573 καὶ
197 511 298 595 κοινῇ
330 504 400 594 μετ’
431 501 569 574 ἐκείνων
597 509 784 593 ἐπολέμουν
815 505 897 595 πρὸς
926 505 1005 586 τοὺς
1032 517 1124 574 Σικε-

111 613 204 694 λούς.
251 615 406 694 ἐβέξαντο
438 613 476 682 δὲ
504 611 626 693 αὐτοὺς
656 616 692 706 οί
709 610 927 701 Ἀβοριγῖνες,
955 622 1036 693 ίσως
1062 613 1124 700 μὲν

107 721 164 788 καί
189 717 276 788 κατὰ
297 717 359 807 τὴν
382 723 443 788 τοῦ
467 717 751 807 ὠφεληθήσεσθαι
774 722 906 805 ἐλπίδα,
934 717 979 798 ῶς
1003 718 1034 786 6'
1060 717 1124 805 ἐγῶ

104 833 276 913 πείθομαι
297 823 380 893 κατὰ
401 823 440 894 τὸ
464 825 622 912 συγγενὲς
649 825 799 913 μάλιστα.
844 818 888 914 ἦν
915 823 979 912 γὰρ
1003 824 1045 912 δὴ
1068 796 1164 924 καὶ,2

102 932 141 1002 τὸ
178 936 252 1001 τῶν
281 935 466 1018 Πελασγῶν
496 936 595 1018 γένος
616 929 815 1017 Ἑλληνικὸν
843 935 880 1001 ἐκ
906 932 1124 1020 Πελοποννή-

104 1060 174 1108 σου
203 1036 243 1107 τὸ
271 1035 428 1127 ἀρχαίου,
455 1037 615 1127 ἐχρήσατο
645 1037 682 1105 δὲ
708 1040 824 1125 τύχαις
846 1039 1050 1126 δυσπότμοις
1077 1044 1125 1119 είς

102 1141 220 1213 πολλὰ
245 1142 307 1230 μὲν
328 1145 384 1210 καί
407 1141 502 1228 ἄλλα,
525 1143 666 1230 μάλιστα
690 1141 725 1237 6'¹
748 1149 796 1224 είς
821 1141 883 1232 τὴν
905 1144 1124 1214 πολύπλανόν

100 1278 138 1321 τε
168 1251 230 1318 καί
258 1247 400 1329 οὐδενὸς
428 1248 534 1318 τόπου
563 1252 702 1336 βέβαιον
726 1253 873 1337 οἴκησιν,
896 1256 1031 1338 πρῶτον
1061 1253 1123 1339 μὲν

55 1372 79 1423 46
100 1358 173 1446 γὰρ
198 1358 276 1445 περὶ
297 1354 335 1426 τὸ
358 1347 569 1444 καλούμενον
592 1361 657 1425 νῦν
677 1355 966 1444 ἈχαίκόνἍργος
988 1356 1123 1450 ᾤκησαν
1138 1381 1164 1422 ιο

102 1463 321 1551 αὐτόχθονες
348 1462 458 1549 όντες,
483 1462 527 1544 ῶς
550 1469 586 1532 οί
605 1465 724 1533 πολλοὶ
746 1464 822 1553 περὶ
844 1461 956 1532 αὐτῶν
979 1465 1123 1550 λέγουσι.

99 1572 172 1660 τὴν
201 1570 241 1638 66
268 1573 462 1658 ἐπωνυμίαν
490 1576 612 1657 ἔλαβον
639 1572 673 1651 ἐξ
700 1568 804 1658 ἀρχῆς
830 1567 955 1656 ταύτην
978 1572 1030 1638 ἐπὶ
1062 1575 1123 1639 τοῦ

103 1680 294 1763 Πελασγοῦ
316 1679 487 1763 βασιλέως.
532 1669 575 1764 ἦν
599 1676 637 1744 δὲ
661 1674 678 1745 6
702 1676 878 1763 Πελασγὸς
900 1679 936 1744 ἐκ
960 1675 1056 1762 Διὸς,
1079 1675 1162 1756 ῶς3

102 1787 255 1871 λέγεται,
276 1785 332 1850 καὶ
355 1783 486 1869 Νιόβης
507 1788 567 1870 τῆς
588 1785 783 1870 Φορωνέως,
805 1774 827 1871 ᾖ
850 1782 963 1871 πρῶτη
987 1786 1123 1869 γυναικί

101 1892 224 1978 θνητῇ
256 1893 406 1976 μίσγεται
438 1887 456 1957 6
485 1887 569 1969 Ζεὺς
601 1886 646 1969 ῶς
673 1887 692 1957 6
723 1893 834 1976 μῦθος
861 1895 935 1975 ἔχει.
981 1891 1056 1978 ἕκτη
1087 1888 1120 1958 6’
1138 1914 1162 1954 15

101 1996 256 2084 ὕστερον
278 1997 377 2084 γενεᾷ
399 1994 665 2082 Πελοπόννησον
686 1994 876 2076 ἐκλιπόντες
898 2000 946 2074 είς
968 1991 1030 2082 τὴν
1047 1994 1122 2065 τότε

102 2103 172 2190 μὲν
195 2105 381 2188 Αίμονίαν,
403 2105 469 2169 νῦν
493 2101 532 2170 δὲ
560 2106 741 2170 Θετταλίαν
769 2100 1021 2189 ὀνομαζομένην
1049 2130 1122 2191 μετ-

105 2210 317 2294 ανέστησαν·
353 2207 498 2295 ἡγοῦντο
537 2209 574 2277 δὲ
607 2213 666 2296 τῆς
701 2206 854 2288 ἀποικίας
893 2206 1023 2295 Ἀχαιὸς
1066 2211 1123 2278 καὶ

112 2324 228 2393 Φθίος
248 2315 304 2381 καὶ
318 2313 492 2400 Πελασγὸς
516 2317 551 2382 οί
561 2319 712 2402 Λαρίσης
733 2317 788 2383 καί
803 2318 1021 2394 Ποσειδῶνος
1042 2319 1121 2384 νίοί.

100 2419 313 2509 ἀφικόμενοι
342 2417 373 2486 δ’
404 2424 452 2499 είς
477 2417 540 2506 τὴν
568 2424 738 2507 Αίμονίαν
764 2421 843 2500 τούς
868 2447 903 2490 τε
925 2425 1119 2489 κατοικοῶν-
1133 2445 1160 2485 ιο

101 2556 168 2609 τας
201 2530 239 2595 ἐν
272 2524 355 2614 αὐτῇ
388 2526 582 2615 βαρβάρους
618 2526 833 2607 ἐξελαύνουσι
868 2528 924 2594 καί
960 2529 1121 2613 νέμονται

107 2635 172 2723 τὴν
204 2632 318 2721 χῶραν
349 2637 464 2721 τριχῇ,
496 2648 566 2712 τοϊς
597 2631 736 2721 ἡγεμόσι
762 2633 962 2721 ποιήσαντες
989 2631 1121 2721 ὁμωνύ-

108 2769 192 2829 μους
214 2738 273 2818 τόις
295 2744 425 2828 μοίρας,
451 2743 604 2808 Φθιῶτιν
626 2741 682 2807 καὶ
702 2738 836 2827 Ἀχαΐαν
858 2742 914 2808 καὶ
927 2745 1121 2828 Πελασγιῶ-

108 2876 171 2918 τιν.
216 2849 316 2916 πέντε
344 2844 382 2913 ὃὲ
408 2851 582 2933 μείναντες
608 2844 731 2915 αὐτόθι
758 2846 894 2934 γενεάς,
922 2849 959 2915 ἐν
987 2843 1040 2928 αἷς
1067 2850 1120 2917 ἐπὶ

111 2953 272 3042 μήκιστον
305 2949 458 3038 εὐτυχίας
488 2951 618 3039 ἤλασαν
649 2949 689 3020 τὰ
719 2951 877 3042 κράτιστα
908 2958 976 3023 τῶν
1009 2957 1046 3023 ἐν
1078 2961 1118 3045 τῇ
1133 2976 1159 3017 25

110 3063 269 3150 Θετταλία
291 3060 417 3125 πεδίων
440 3059 677 3148 καρπούμενοι,
700 3061 775 3145 περὶ
796 3058 859 3146 τὴν
879 3062 976 3148 ἕκτην
1000 3060 1119 3148 γενεὰν

179 3213 398 3274 8πολόπλανόν
420 3218 509 3272 καλΒ
600 3224 632 3271 11
658 3215 687 3272 ολ
708 3219 804 3273 om.B
827 3221 831 3287 Ι
855 3221 920 3288 περὶ
946 3216 1041 3275 αὐτῶν
1064 3221 1119 3275 del.

113 3289 211 3344 Reiske
285 3294 319 3342 12
348 3284 395 3342 ἐπί
417 3289 440 3342 Β
463 3284 521 3343 ἀπὸ
544 3290 569 3344 R
642 3294 675 3342 14
702 3284 800 3360 νιόβης
826 3291 916 3360 τῇςΒ
944 3292 993 3359 τῆς
1021 3286 1120 3361 νιόβης

115 3360 159 3414 τοῦ
177 3361 203 3414 R
271 3365 305 3414 15
320 3360 452 3429 μίγνυται
475 3360 497 3414 Β
563 3366 595 3414 16
611 3354 828 3423 ἐκλείποντεςΒ
891 3368 924 3416 19
943 3362 1057 3429 λαρίσης
1074 3361 1120 3416 Ba

116 3432 238 3500 λαρίστης
255 3431 281 3484 R
336 3437 370 3484 23
389 3431 514 3499 φθιῶτιν
532 3430 582 3486 καί
598 3430 769 3498 πελῶγιῶτιν
783 3431 832 3486 καλ
850 3425 992 3501 οἷγαΐανΒ
1009 3427 1119 3500 Ἀγαΐαν

117 3502 159 3554 καλ
177 3502 303 3557 Φθιῶτιν
321 3499 371 3554 καί
389 3502 582 3571 Πελασγιῶτιν
599 3499 742 3570 Kiessling
