2454 3916
504 249 670 302 -Α-
869 233 895 315 ᾗ
1031 249 1092 313 131

50 415 177 478 ’θείαν
200 408 309 496 τύχην
337 407 405 497 ἅμα
433 405 626 493 διεληλύθει
653 405 715 493 τῆν
744 405 851 494 αὐτὴν
880 406 963 477 ὁδὸν
987 414 1035 489 είς
1056 408 1094 477 τὸ

52 515 296 584 ,Παλλάντιον
328 515 403 583 ίιόν·
441 512 479 594 ὃς
510 512 628 600 ῆκιστα
659 527 730 593 τοῖς
757 513 872 594 άλλοις
901 515 1096 604 καταφανῆς

54 622 261 710 γενόμενος
292 619 338 702 ὡς
370 624 545 690 ἐπίσταταί
570 647 602 688 τι
634 625 695 688 τοῦ
727 620 920 711 πράγματος
952 619 1096 703 ἀξιώσας

59 726 166 821 «αύτῷ
188 731 454 816 συγχωρηθῆναι
472 727 513 796 τὰ
532 729 641 817 βρέφη
661 726 825 814 λαμβάνει
847 754 882 795 τε
902 724 987 796 αὐτὰ
1005 725 1095 816 παρὰ

52 840 137 906 τοῦ
160 836 282 904 κοινοῦ
299 835 355 917 καὶ
374 834 489 920 φέρων
514 830 560 912 ὡς
581 830 643 920 τῆν
666 848 810 919 γυναῖκα
833 839 970 922 ἔρχεται.
1006 861 1094 904 τετο-

55 957 177 1012 κυῖαν
202 940 240 1009 δὲ
262 938 460 1026 καταλαβνδν
482 940 539 1007 καί
562 936 758 1026 ἀχθομένην
784 937 836 1008 ὅτι
864 939 985 1028 νεκρὸν
1009 938 1094 1031 αὐτῆ

55 1048 110 1118 τὸ
140 1050 269 1136 βρέφος
295 1041 340 1133 ῆν
367 1051 620 1134 παραμυθεῖταί
642 1071 678 1114 τε
707 1048 763 1114 καὶ
797 1033 940 1115 δίδωσιν
968 1044 1093 1134 ύποβα-

60 1158 198 1225 λέσθαι
219 1155 260 1222 τὰ
284 1157 402 1221 παιδία
429 1155 541 1221 πᾶσαν
568 1155 601 1234 ἐξ
629 1149 735 1241 ἀρχῆς
763 1153 1009 1241 διηγησάμενος
1031 1152 1093 1240 τῆν

58 1263 309 1348 κατασχοῦσαν
333 1257 418 1328 αὐτὰ
440 1259 555 1346 τύχην.
597 1257 795 1347 αὐξομένοις
819 1260 857 1329 δὲ
879 1259 994 1341 αὐτοῖς
1016 1260 1093 1329 όνο-

64 1396 119 1458 μα
146 1373 279 1437 τίθεται
305 1370 351 1459 τῷ
380 1365 443 1454 μὲν
464 1364 652 1454 Ῥωμύλον,
682 1371 728 1459 τῷ
758 1367 795 1434 δὲ
813 1365 951 1456 Ῥῶμον.
998 1371 1033 1435 οί
1055 1366 1093 1435 δέ
1108 1393 1133 1433 10

64 1474 311 1562 ἀνδρωθέντες
343 1479 497 1561 γίνονται
528 1474 612 1543 κατά
643 1501 678 1542 τε
710 1472 850 1555 ἀξίωσιν
877 1477 1011 1562 μορφῆς
1037 1475 1093 1541 καὶ

69 1580 293 1670 φρονήματος
316 1580 419 1666 όγκον
448 1577 489 1649 ού
513 1586 720 1668 συοφορβοῖς
748 1582 804 1648 καὶ
827 1580 1005 1666 βουκόλοις
1028 1583 1093 1676 ἐοι-

68 1686 183 1773 κότες,
212 1682 287 1756 ἀλλ’
314 1690 408 1766 οἵους
434 1686 479 1754 άν
506 1714 556 1766 τις
579 1684 731 1769 άξιάσειε
757 1687 837 1767 τούς
860 1690 896 1756 ἐκ
919 1692 1093 1773 βασιλείου

46 1811 113 1864 ἰτε
143 1793 275 1880 φύντας
302 1795 424 1880 γένους
455 1795 511 1862 καὶ
543 1791 608 1862 άπὸ
642 1794 818 1882 δαιμόνων
846 1798 972 1882 σπορᾶς
999 1797 1092 1881 γενέ·

74 1909 157 1968 σθαι
186 1902 442 1987 νομιζομένους,
471 1897 516 1995 ως
545 1902 581 1969 έν
608 1915 680 1980 τοϊς
707 1907 859 1988 πατρίοις
882 1901 1003 1989 ὕμνοις
1025 1899 1091 1970 ὑπὸ
1108 1924 1133 1964 15

55 2003 243 2094 Ῥωμαίων
267 2011 315 2075 ἔτι
337 2009 393 2074 καί
411 2010 477 2074 νῦν
502 2005 626 2096 ᾅδεται.
667 2012 741 2093 βίος
765 2005 796 2075 δ’
818 2005 933 2088 αὐτοῖς
951 2001 994 2094 ῆν
1012 2007 1142 2095 βου-11

73 2111 207 2192 κολικὸς
229 2114 285 2181 καὶ
310 2116 420 2180 δίαιτα
443 2111 631 2200 αὐτουργός
659 2117 696 2182 έν
725 2113 818 2202 όρεσι
840 2116 880 2183 τά
902 2113 1009 2182 πολλὰ
1030 2138 1092 2201 πη-

74 2223 230 2309 ξαμένοις
253 2220 310 2287 διὰ
330 2220 439 2302 ξύλων
457 2221 514 2288 καὶ
535 2219 697 2308 καλάμων
716 2218 842 2307 σκηνὰς
865 2219 1091 2308 αὐτορόφους·

75 2318 122 2395 ὧν
146 2332 196 2395 ἔτι
218 2327 275 2394 καὶ
298 2331 345 2406 είς
368 2325 424 2413 έμδ
447 2318 491 2412 ῆν
513 2353 564 2406 τις
590 2331 651 2395 τού
676 2332 892 2396 Παλλαντίου
915 2327 1012 2412 <έπί>
1033 2331 1092 2413 τῆς

74 2431 157 2522 πρὸς
185 2460 248 2502 τον
273 2432 484 2519 ἱππόδρομον
513 2433 722 2521 στρεφούσης
750 2432 895 2520 λαγόνος
917 2429 1091 2519 Ῥωμύλου
1105 2456 1132 2496 κο

76 2540 252 2628 λεγομένη,
274 2537 320 2626 ῆν
342 2539 573 2627 φυλάττουσιν
597 2538 691 2627 ίεράν
716 2535 767 2621 οἷς
789 2539 919 2609 τούτων
943 2537 1091 2625 ἐπιμελὲς

78 2644 176 2715 οὐδὲν
199 2647 253 2715 ἐπὶ
270 2645 308 2715 τὸ
329 2646 533 2733 σεμνότερον
552 2646 736 2733 ἐξάγοντες,
756 2652 787 2715 εί
805 2648 845 2715 δέ
860 2674 892 2714 τι
910 2645 1091 2732 πονήσειεν

79 2749 138 2822 ὑπὸ
170 2756 334 2840 χειμῶνος
361 2748 381 2838 ῆ
410 2753 538 2840 χρόνον
570 2751 607 2821 τὸ
641 2761 757 2822 λεῖπον
790 2752 1005 2840 ἐξακούμενοι
1034 2754 1090 2821 καί

81 2862 120 2948 τῷ
141 2859 295 2948 πρόσθεν
319 2859 551 2944 ἐξομοιοῦντες
573 2864 621 2939 είς
645 2859 802 2948 δύναμιν.
848 2859 919 2927 ἐπεὶ
942 2858 980 2928 δὲ
1003 2857 1089 2947 ἀμφὶ
1102 2867 1143 2930 12

84 2964 116 3032 τά
146 2966 370 3035 ὀκτωκαίδεκα
407 2969 462 3050 έτη
499 2966 676 3051 γεγονότες
713 2959 801 3053 ῆσαν
834 2965 1026 3055 ἀμφίλογόν
1057 2994 1089 3036 τι
1104 2997 1129 3036 25

87 3074 150 3160 περὶ
175 3077 234 3162 τῆς
261 3075 367 3159 νομῆς
395 3068 510 3150 αὐτοῖς
536 3078 663 3158 γίνεται
690 3071 774 3160 πρὸς
796 3071 876 3153 τοὺς
898 3077 1090 3161 Νεμέτορος

1108 802 1148 864 10

1122 888 1134 928 5

147 3239 163 3286 4
181 3227 258 3305 αὐτῷ
278 3232 422 3287 Moutzner
436 3233 507 3285 Ann.
522 3233 591 3302 phil.
608 3238 677 3288 ιειι
695 3252 721 3302 p.
737 3239 787 3288 εει
808 3228 885 3305 αὐτῷ
905 3233 928 3288 0
984 3237 999 3285 ι
1019 3227 1088 3284 ὑπο-

92 3295 230 3366 βάλλεσθαι
249 3304 274 3357 Α
347 3309 380 3358 10
399 3299 527 3372 βέμονΑ
609 3310 642 3359 19
667 3300 714 3359 ἐπὶ
734 3305 784 3373 τῆς
804 3301 835 3359 ἐκ
855 3321 877 3358 ο.
899 3303 1021 3374 Sylburg
1041 3297 1089 3354 έπλ

92 3373 177 3428 0m.0
267 3380 303 3428 20
330 3369 555 3444 έπιστρεφούσης
581 3375 602 3430 0
637 3377 642 3447 Ι
681 3370 862 3444 ἡῬωμύλον
895 3392 918 3428 ο.
951 3371 1089 3427 Βόολιολει

93 3440 273 3578 ῗὲγρρύῇωνῡ
292 3445 376 3499 τοῦτο
397 3444 498 3501 Reiske
561 3452 595 3500 23
611 3441 815 3515 ἒξασκοόμενοι
829 3446 852 3498 Β
915 3449 949 3499 25
968 3438 1086 3512 άμφί..

890 3600 927 3655 9⁸&
