2454 3916
527 212 689 264 -B-
885 210 890 221 ’
1048 210 1154 281 22λ·

101 367 317 458 ἀδικηθεῖσιν
340 368 494 458 ἀπάγειν,
518 369 535 439 ὁ
561 370 598 439 δὲ
626 369 744 450 Τάτιος
766 375 834 439 τῶν
858 371 1000 458 ἑταίρων
1023 396 1114 459 περι-

101 478 261 566 εχόμενος
297 476 358 546 οὐκ
390 476 486 565 ἠξίου
523 477 587 564 πρὸ
631 481 724 565 δίκης
760 475 854 556 τινάς
889 473 946 544 ὑπ’
981 480 1114 567 ἐχθρῶν

101 583 246 671 ἀγεσθαι
273 585 329 652 καὶ
356 588 460 653 ταῦτα
487 590 623 664 πολίτας
652 583 751 664 ὄντας
778 581 842 652 ὑπὸ
868 584 988 664 ξένων·
1022 583 1114 652 δικά-

102 697 218 772 ζεσθαι
252 689 283 758 δ’
313 690 428 771 αὐτοῖς
462 694 591 761 ἐκέλευε
626 691 706 771 τοὺς
737 689 922 779 ήδικήσθαι
955 693 1153 828 λέγοντας3

101 803 149 878 εἰς
166 796 297 885 Ῥώμην
325 796 562 885 ἀφικομένους.
613 802 648 867 οί
673 797 735 885 μὲν
763 797 805 884 δὴ
832 801 987 885 πρέσβεις
1010 796 1112 867 οὐδὲν
1141 851 1154 892 5

101 903 278 994 εὑρόμενοι
301 909 369 973 τῶν
394 908 536 974 δικαίων
560 902 826 992 ἀγανακτοῦντες
848 903 1010 995 ἀπῄεσαν,
1036 903 1113 974 ἀκο-

100 1011 332 1099 λουθήσαντες
356 1010 387 1079 δ’
414 1011 528 1093 αὐτοῖς
550 1018 618 1082 τῶν
633 1019 795 1100 Σαβίνων
814 1012 903 1093 τινὲς
920 1010 977 1082 ὑπ’
1000 1011 1113 1100 ὀργῆς,

46 1121 351 1206 345έσκήνωμένοις
382 1117 472 1208 παρὰ
503 1119 566 1208 τήν
603 1118 687 1190 ὁδόν
721 1120 858 1211 (ἑσπέρα
894 1118 958 1207 γάρ
991 1117 1114 1200 αὐτοὺς

99 1227 294 1314 κατέλαβεν)
318 1227 525 1295 ἐπιτίθενται
548 1226 757 1297 καθεύδουσι
775 1229 831 1296 καὶ
853 1226 894 1296 τά
913 1254 948 1295 τε
970 1225 1111 1315 χρήματ’

100 1331 224 1413 αὐτοὺς
246 1331 472 1420 ἀφαιροῦνται
500 1334 556 1401 καὶ
584 1331 731 1414 ὁπόσους
761 1336 798 1402 ἐν
820 1347 893 1412 ταῖς
914 1340 1041 1414 κοίταις
1064 1339 1113 1402 ἔτι
1128 1357 1155 1398 ιο
1187 1362 1191 1370 ·

99 1442 284 1527 κατέλαβον
312 1439 602 1528 ἀποσφάττουσιν,
634 1437 727 1520 όσοις
755 1440 792 1509 δὲ
819 1455 933 1526 ταχεῖα
963 1443 1017 1527 τῆς
1046 1441 1114 1507 ἐπι-

99 1552 226 1635 βουλῆς
258 1546 369 1616 αὐτῶν
402 1557 563 1634 αῖσθήσις
591 1549 721 1633 ἐγένετο
751 1548 807 1615 καὶ
839 1550 900 1615 τοῦ
933 1550 1113 1635 διαφυγεῖν

101 1653 246 1740 δύναμις
269 1659 315 1733 είς
333 1653 395 1741 τὴν
419 1653 520 1722 πόλιν
540 1653 773 1741 ἀφικνοῦνται.
806 1651 886 1742 μετά
904 1656 1003 1722 τοῦτο
1025 1658 1113 1721 ἔατε

100 1765 291 1845 Λαουινίου
313 1762 468 1847 πρέσβεις
487 1758 688 1848 ἀφικόμενοι
710 1762 766 1829 καὶ
790 1763 823 1842 ἐξ
846 1757 958 1828 ἀλλων
981 1758 1113 1830 πόλεων

101 1870 237 1952 συχνῶν
255 1866 469 1955 κατηγόρουν
486 1871 546 1953 τῆς
563 1874 773 1955 παρανομίας
791 1868 847 1936 καὶ
865 1865 1013 1954 πόλεμον
1031 1892 1114 1954 παρ·
1128 1889 1154 1930 15

99 1973 265 2061 ήγγελλον
288 1977 319 2040 εί
340 1970 385 2060 μή
407 1975 582 2055 τεύξονται
603 1978 662 2061 τής
686 1977 789 2061 δίκης.

190 2081 259 2147 LII.
279 2077 434 2170 Ῥωμύλῳ
455 2079 518 2166 μὲν
538 2071 600 2149 οὖν
625 2079 752 2167 δεινόν,
772 2078 883 2170 ὥσπερ
905 2072 959 2168 ἦν,
982 2080 1019 2150 τὸ
1038 2083 1114 2167 περὶ

98 2185 179 2266 τοὺς
201 2183 405 2272 πρεσβευτάς
428 2188 584 2272 ἐφαίνετο
603 2186 714 2266 πάθος
736 2188 791 2256 καὶ
811 2193 943 2274 ταχείας
965 2185 1115 2275 ἀφοσιώ-

100 2312 186 2372 σεως
213 2291 393 2380 δεόμενον,
423 2289 468 2372 ὡς
496 2296 589 2380 ίεροῦ
616 2296 868 2382 καταλυομένου
895 2291 1014 2380 νόμον.
1058 2295 1115 2362 καὶ

101 2398 204 2469 οὐδὲν
236 2404 284 2467 ἔτι
317 2398 554 2486 διαμελλήσας,
588 2397 633 2478 ὡς
664 2397 754 2468 εῖδεν
792 2397 1022 2488 ὀλιγωροῦντα
1053 2398 1154 2469 τὸνω

103 2505 227 2575 Τάτιον
260 2503 362 2584 αὐτὸς
394 2510 559 2591 συνέλαβε
590 2503 668 2584 τοὺς
704 2504 844 2592 ἐνόχους
873 2509 920 2596 τῷ
952 2504 1026 2592 ἀγει
1058 2507 1115 2574 καὶ

100 2613 207 2700 δήσας
229 2615 400 2700 παρέδωκε
423 2627 494 2692 τοῖς
517 2619 734 2700 πρεσβευταῖς
751 2607 915 2716 ἀπάγεινκ
947 2616 1054 2704 Τατίφ
1077 2612 1154 2682 δὲῖ

99 2717 213 2806 θυμός
235 2745 270 2785 τε
294 2721 475 2806 εἰσέρχεται
498 2724 556 2806 τῆς
578 2717 722 2804 ὕβρεως,
748 2715 791 2805 ἣν
815 2714 881 2785 ὑπὸ
904 2722 966 2786 τοῦ
989 2719 1114 2809 συνάρ-

99 2851 220 2912 χοντος
242 2823 356 2914 ᾐτιᾶτο
380 2822 544 2912 ὑβρίσθαι
567 2823 649 2893 κατά
672 2824 734 2912 τήν
756 2823 948 2910 παράδοσιν
967 2830 1036 2894 τάν
1054 2825 1114 2896 ἀν-

100 2935 206 3020 δρῶν,
228 2931 284 2999 καὶ
308 2928 417 3010 οἶκτος
438 2935 507 3000 τόν
531 2929 752 3018 ἀπαγομένων
780 2924 837 3020 (ἦν
859 2929 924 3021 γάρ
953 2934 1009 3001 καὶ
1033 2953 1113 3021 σνγ-
1127 2959 1153 3002 ω

98 3039 200 3124 γενής
231 3064 281 3117 τις
313 3035 417 3105 αὐτοῦ
449 3041 494 3129 τῷ
520 3036 602 3128 1όιγει
634 3038 763 3127 ἔνοχος)
795 3037 850 3105 καὶ
883 3035 1002 3106 αὐτίκα
1033 3039 1112 3120 τοὺς
1195 3115 1199 3123 ,

100 3143 303 3234 στρατιώτας
335 3141 516 3231 ἀναλαβων
554 3144 691 3232 ἐβοήθει
729 3143 785 3212 διά
820 3144 942 3232 τάχους
974 3147 1011 3213 ἐν
1044 3142 1113 3238 ὁδῷ

173 3347 189 3394 3
213 3335 336 3410 ἄγεσθαι
355 3339 401 3395 Bb
434 3334 592 3408 ἀνάγεσθαι
614 3340 690 3395 ABa
721 3334 885 3408 ἀνάγεσθαι
902 3338 1005 3394 Reiske
1037 3334 1114 3393 ἀπά-

100 3415 205 3482 γεσθαι
233 3427 256 3467 ο.
280 3411 417 3467 Bficheler
507 3416 522 3464 5
546 3407 595 3482 δὴ]
624 3408 656 3466 δὲ
679 3411 732 3464 AB
824 3417 856 3464 19
884 3408 1113 3479 καταλελυμένον

101 3502 125 3540 ο.
142 3483 281 3537 Bfleheler
353 3488 387 3536 20
406 3477 632 3551 ὀλιγοροῦνταΒ
703 3487 737 3536 22
756 3478 966 3553 πρεσβύταιςΒ

840 3570 1010 3634 ,15*,
