2454 3916
544 235 709 287 -Α-
1089 237 1130 302 21

57 411 99 463 36
119 391 358 482 μυθογράφων
380 399 460 482 περί
478 419 513 463 τε
537 393 695 482 οἰκήσεως
717 395 773 463 καὶ
795 397 917 481 γένους
938 399 1007 465 τόν
1027 397 1132 465 Οίνά-

118 526 211 585 τρων
235 499 373 569 τοιαῦτά
397 502 506 569 ἐστιν·
536 494 587 581 οίς
608 498 673 586 έγώ
695 501 914 589 πευθόμενος,
937 506 969 571 εί
989 507 1034 596 τῷ
1059 503 1132 574 όντι

114 603 315 692 Ἑλληνικὸν
338 610 449 694 φῦλον
472 599 516 694 ἦν
537 606 576 676 τὸ
599 611 667 676 τῶν
684 606 914 697 Ἀβοριγίνων,
937 605 982 688 ὡς
995 609 1133 679 Κάτωνι

118 715 176 782 καί
208 719 419 805 Σεμπρωνίῳ
446 714 502 782 καὶ
528 721 665 795 πολλοῖς
692 714 807 795 ἄλλοις
833 724 977 804 είρηται,
1003 716 1133 784 τούτων

118 827 265 907 ἔγγονον
279 819 474 891 αὐτῶντῶν
490 820 672 910 Οίνοότρων
686 821 899 909 ὑποτίθεμαι.
940 818 978 890 τό
1001 819 1065 910 γὰρ
1089 820 1160 910 θηε

117 925 333 1014 Πελασγικὸν
356 925 467 996 καὶτὸ
486 925 657 1015 Κρητικὸν
679 930 736 997 καί
759 925 822 997 όσα
845 926 930 996 άλλα
953 929 991 996 ἐν
1010 927 1133 1020 Ἰταλία

116 1031 271 1126 ςόκησεν,
302 1031 455 1123 ὑστέροις
485 1031 627 1122 εὑρίσκω
651 1032 799 1123 χρόνοις
830 1032 1027 1122 άφικόμενα.
1071 1060 1132 1104 πα-

116 1140 296 1226 λαιότερον
319 1139 358 1209 δὲ
378 1140 502 1209 τούτου
530 1139 653 1209 στόλον
680 1138 917 1210 ἀπαναστάντα
939 1146 998 1229 τῆς
1017 1139 1131 1210 Ἐλλά-

117 1250 179 1327 θος
207 1251 257 1326 είς
282 1244 323 1315 τά
350 1247 574 1335 προσεσπέρια
600 1249 660 1332 τῆς
682 1244 848 1335 Εὐρώπης
877 1244 1001 1315 οὐθένα
1029 1248 1131 1317 θάνα-

116 1381 178 1441 μαι
206 1361 424 1440 καταμαθεῖν.
468 1350 547 1431 τοὺς
584 1351 622 1419 δὲ
656 1351 850 1437 Οίνάτρους
875 1357 934 1438 τῆς
968 1350 998 1421 τ’
1030 1336 1174 1464 άλληςιξ

114 1457 258 1539 Ἰταλίας
280 1456 387 1527 πολλά
409 1463 514 1547 χωρία
529 1465 642 1546 οῖομαι
655 1471 844 1546 κατασχεῖν,
867 1455 908 1525 τά
932 1456 993 1544 μὲν
1018 1464 1133 1548 ἔρημα,

117 1554 159 1636 τά
187 1565 226 1633 δὲ
259 1562 397 1650 φαύλως
428 1563 610 1651 οίκοάμενα
636 1563 900 1651 καταλαβόντας,
927 1567 984 1634 καί
1008 1564 1050 1654 δὴ
1076 1567 1133 1635 καὶ

117 1677 178 1760 τῆς
201 1669 387 1759 Ὀμβρικῶν
414 1674 476 1757 γῆς
503 1672 594 1740 ἐστιν
621 1667 666 1758 ἣν
693 1669 934 1758 ἀποτεμέσθαι,
963 1676 1133 1760 κληθηναι

119 1779 158 1847 δέ
173 1777 385 1865 Ἀβοριγῖνας
402 1777 456 1844 ἐπὶ
472 1781 531 1864 της
549 1778 588 1846 έν
605 1791 676 1856 τοῖς
694 1775 810 1862 ὄρεσιν
830 1777 990 1866 οἰκήσεως
1004 1778 1132 1869 (Ἀρκα-

119 1883 218 1953 θικὸν
233 1881 297 1972 γάρ
311 1882 348 1951 τὸ
368 1891 570 1972 φιλοχωρεῖν
587 1886 669 1970 <έν>
689 1882 828 1975 ὄρεσιν),
847 1883 894 1965 ὡς
911 1883 1134 1976 ὑπερακρίους
1147 1907 1173 1950 ιι

117 1989 213 2071 τινάς
235 1990 292 2058 καί
313 1994 498 2078 παραλίους
517 1988 712 2077 Ἀθήνησιν.
742 1995 774 2059 εί
796 1992 837 2060 δέ
855 2019 945 2072 τινες
966 1992 1133 2081 πεφύκασι
1151 1999 1173 2063 4

119 2097 164 2186 μὴ
191 2110 301 2184 ταχεῖς
325 2094 413 2164 εἶναι
444 2097 521 2184 περὶ
552 2096 757 2185 πραγμάτων
787 2103 939 2166 παλαιῶν
972 2097 1133 2186 άβασανί-

62 2217 99 2268 σῖ
119 2224 206 2284 στως
228 2203 269 2272 τά
291 2202 455 2290 λεγόμενα
478 2204 652 2290 θέχεσθαι,
675 2201 720 2290 μὴ
743 2218 852 2289 ταχεῖς
875 2210 1025 2274 ἔστωσαν
1048 2205 1133 2293 μηδέ

119 2316 251 2397 Λίγυας
273 2304 294 2396 ἢ
315 2308 511 2398 Ὀμβρικοὺς
536 2304 557 2396 ἢ
586 2307 711 2388 άλλους
736 2308 831 2389 τινὰς
857 2312 1052 2401 βαρβάρους
1074 2309 1133 2379 αό-

117 2415 198 2496 τους
224 2421 377 2503 νομίσαι,
403 2420 654 2504 περιμείναντες
676 2415 714 2483 θὲ
736 2416 792 2483 καὶ
823 2414 863 2483 τά
886 2415 985 2484 λοιπά
1009 2425 1133 2504 μαθεῖν
1147 2447 1175 2488 εο

116 2524 326 2612 κρινέτωσαν
350 2524 383 2602 ἐξ
406 2519 564 2591 ἁπάντων
586 2519 624 2590 τὸ
647 2521 897 2590 πνθανάτατον.

208 2629 315 2697 XHIL
342 2631 417 2696 Τῶν
441 2627 479 2695 δὲ
500 2627 643 2714 πόλεων,
667 2629 704 2695 έν
719 2622 773 2707 αἷς
794 2626 831 2697 τὸ
847 2630 982 2716 πρῶτον
997 2626 1133 2721 ᾤκησαν

113 2735 332 2824 Ἀβοριγῖνες,
356 2731 467 2820 ὀλίγαι
488 2739 652 2823 περιῆσαν
672 2733 722 2803 ἐπ’
748 2738 845 2822 ἐμοῦ·
868 2737 907 2803 αί
928 2735 965 2803 δὲ
982 2744 1134 2805 πλεῖσται

116 2841 184 2912 ὑπό
211 2867 247 2910 τε
275 2843 431 2928 πολέμων
458 2841 515 2908 καὶ
541 2839 654 2911 ἄλλων
685 2846 798 2910 κακῶν
828 2847 1134 2931 οἰκοφθορηθεῖσαι

190 2997 340 3056 λείσινΒ
412 2984 544 3054 umb-
564 2997 682 3070 ἔγγονον
700 2996 837 3056 αιἰτῶνΒ
908 2999 1063 3072 όέκγονον
1082 3002 1134 3055 Ur-

117 3074 189 3130 liohs
208 3071 266 3126 Eos
284 3070 338 3140 lp.
357 3076 409 3124 309
426 3075 430 3138 Ι
447 3065 517 3125 αότό
541 3066 573 3125 τό
590 3071 702 3126 Bitschl
722 3074 726 3140 Ι
748 3068 898 3142 Οίνοότραν
916 3069 1034 3144 <εἷναι>
1052 3071 1134 3125 Gras-

117 3147 219 3215 berger
238 3142 316 3196 Τοεε.
334 3139 449 3211 Herbip.
478 3161 505 3212 p.
532 3149 565 3198 10
594 3144 599 3212 Ι
630 3141 794 3213 *πείθομαι
817 3142 840 3198 Ο
876 3145 994 3212 τίθεμαι
1021 3142 1133 3209 Reium,

116 3216 227 3285 Kayser
254 3205 345 3266 τάττω
374 3209 491 3280 ἔγγονον
519 3207 590 3266 αάτὸ
619 3214 676 3267 τῶν
704 3209 854 3283 Οίνάτρων
877 3214 971 3268 deleto
993 3217 1134 3282 πείθομαι

116 3284 235 3354 Madvig
259 3281 331 3337 Adv.
350 3282 363 3336 Ι
385 3301 413 3352 p.
431 3289 482 3337 '122
564 3279 651 3352 θτὴν
673 3279 791 3339 Ἰταλίαν
814 3280 916 3358 η’όκισεν
945 3300 967 3337 ε.
992 3282 1135 3353 Kiessling

153 3364 169 3413 8
188 3347 474 3421 άπαναστήσανταΒ
553 3360 588 3408 14
611 3351 700 3410 έπλΒ
722 3349 779 3410 άπὸ
799 3357 825 3410 R
849 3357 853 3424 Ι
879 3349 1016 3479 άρχαικὸν
1040 3371 1063 3408 ο.
1083 3351 1134 3407 Oa·

115 3422 381 3491 nubonus‚Reiske
437 3431 469 3479 16
488 3424 690 3494 φιλοχωρεῖνΟ
709 3431 904 3495 φιλοχωρεῖν
959 3419 1017 3478 *ἐν
1036 3423 1133 3478 addidi

154 3505 187 3555 23
207 3491 371 3567 άβοριγῖνες
390 3493 438 3548 ΑΒ
456 3491 615 3567 άβοριγίνες
635 3495 681 3550 ΟΒ
700 3498 731 3552 et
749 3495 838 3553 Cobet
855 3495 921 3552 Oba.
940 3513 967 3564 p.
986 3500 1030 3552 2³.
