2454 3916
499 235 665 285 -ε-
1023 232 1088 300 εον

74 390 128 457 ἐπὶ
151 391 414 482 κατορθουμένῳ
437 395 482 483 τῷ
506 388 628 478 ἀγῶνι,
650 397 719 461 τῶν
742 391 774 459 δ’
801 374 1089 482 ὀδυρομένωνὼς

74 495 137 565 οὐκ
160 493 204 565 ἀν
228 502 276 565 έτι
298 501 358 584 τῆς
379 497 481 584 τύχης
503 503 591 585 σφᾶς
614 502 933 588 διαναστησομένης,
956 528 1088 589 ταμιευ-

74 601 220 690 σάμενος
241 603 302 671 τὸν
325 603 445 692 καιρὸν
474 601 673 692 δῬωμαϊος
694 604 897 696 ὑποστρέφει
925 635 960 677 τε
988 610 1089 691 ὀξέως

72 710 129 777 καὶ
146 710 227 798 πρίν
250 705 271 798 ἢ
291 711 507 798 φυλάξασθαι
524 711 586 781 τὸν
602 711 767 798 ’Λλβανδν
785 714 914 801 φθάνει
934 720 979 808 τῷ
1000 717 1087 803 ξίφει

72 813 156 884 κατά
177 821 239 885 τοῦ
266 822 447 905 βραχίονος
474 816 605 905 πληγὴν
634 821 771 906 ἐνέγκας
796 820 852 888 καὶ
881 820 1003 890 διελάν
1025 821 1114 890 τόντ

72 921 218 1009 ἀγκῶνα.
257 925 426 1013 πεσούσης
450 926 488 995 δὲ
505 928 607 1015 χαμαὶ
629 931 688 1014 τῆς
710 926 821 1016 χειρὸς
838 925 907 1015 ἅμα
929 933 975 1021 τῷ
997 931 1086 1016 ξίφει
1104 928 1127 992 4

18 1034 159 1116 461μίαν
192 1036 240 1098 ἔτι
272 1031 403 1119 πληγὴν
434 1038 568 1122 καίριον
601 1035 770 1121 ἐξενέγκας
806 1033 994 1105 ἀποκτείνει
1024 1039 1087 1106 τὸν

68 1134 251 1224 Ἀλβανόν,
279 1140 336 1207 καὶ
359 1138 441 1227 μετά
466 1144 589 1209 τοῦτον
622 1143 674 1210 ἐπὶ
696 1140 758 1211 τὸν
780 1150 972 1212 τελευταῖον
1000 1141 1087 1212 ἀσά-

71 1268 173 1329 μενος
195 1237 368 1332 ἡμιθνῆτα
386 1246 442 1314 καὶ
460 1249 665 1333 παρειμένον
683 1249 967 1336 ἐπικατασφάττει.
1008 1269 1086 1318 σκυ-

70 1349 193 1430 λεόσας
216 1351 253 1419 δὲ
275 1350 354 1432 τούς
380 1357 450 1421 τῶν
478 1352 628 1436 ἀνεψιῶν
655 1353 796 1443 νεκροὺς
824 1361 872 1435 είς
898 1355 962 1442 τὴν
984 1355 1085 1425 πόλιν
1101 1379 1127 1418 1⁰

70 1455 223 1544 ἠπείγετο
247 1463 378 1547 πρῶτος
400 1457 597 1547 ἀπαγγεῖλαι
619 1463 733 1529 θέλων
755 1459 817 1548 τὴν
841 1463 963 1529 ἑαυτοῦ
985 1467 1086 1549 νίκην

69 1568 117 1656 τῷ
141 1561 250 1655 πατρί.

81 1706 85 1711 ·
160 1673 248 1739 XXI.
267 1670 362 1740 Ἔδει
382 1672 420 1740 δὲ
438 1671 504 1762 ἀρα
523 1673 578 1741 καὶ
595 1677 718 1742 τοῦτον
732 1672 920 1763 ἄνθρωπον
938 1672 1020 1743 όντα
1039 1671 1085 1762 μὴ

68 1777 181 1847 πάντα
208 1782 411 1866 διευτυχεῖν,
439 1776 513 1848 ἀλλ’
539 1777 732 1848 ἀπολαῦσαί
757 1806 790 1848 τι
816 1784 877 1849 τοῦ
907 1785 1086 1869 φθονεροῦ

70 1887 248 1972 δαίμονος,
276 1881 314 1965 δς
340 1883 444 1953 αὐτὸν
472 1887 508 1954 έκ
535 1890 656 1975 μικροῦ
684 1887 789 1974 μέγαν
820 1889 857 1956 έν
885 1884 986 1979 ὀλίγον
1009 1889 1085 1967 θείς
1099 1915 1125 1956 15

69 1990 183 2081 χρόνῳ
205 1993 261 2060 καὶ
284 1997 332 2072 είς
354 1991 554 2080 ἐπιφάνειαν
581 1992 783 2082 θαυμαστὴν
810 1994 866 2063 καὶ
890 1994 1093 2083 παράδοξον

70 2098 190 2186 ἐξάρας
216 2101 375 2186 κατέβαλε
403 2102 518 2190 φέρων
545 2099 742 2190 αὐθημερόν
769 2106 817 2181 εἰς
848 2099 969 2190 ἀχαριν
1002 2120 1084 2188 συμ-

69 2203 183 2293 φορὰν
206 2203 467 2293 ἀδελφοκτόνον.
509 2205 555 2289 ὡς
576 2207 640 2296 γὰρ
665 2207 764 2295 ἐγγὺς
781 2210 912 2294 ἐγένετο
932 2212 1001 2277 τῶν
1024 2232 1083 2276 πυ·
1102 2219 1123 2282 2

68 2317 156 2398 λῶν,
180 2311 286 2382 ἀλλον
308 2340 343 2381 τε
367 2312 470 2400 ὄχλον
498 2311 562 2405 δρᾷ
583 2311 802 2382 παντοδαπόν
825 2312 1023 2400 ἐκχεόμενον
1048 2316 1083 2381 ἐκ

66 2423 128 2506 τῆς
150 2419 278 2499 πόλεως
304 2421 360 2488 καὶ
384 2421 426 2506 δὴ
453 2421 509 2488 καί
536 2419 598 2508 τὴν
623 2418 774 2508 ἀδελφὴν
795 2421 1082 2508 προστρέχουσαν·
1096 2447 1127 2488 νο

69 2527 306 2614 διαταραχθεὶς
333 2526 372 2594 δὲ
397 2523 480 2595 κατὰ
507 2525 569 2615 τὴν
591 2525 728 2615 πρώτην
756 2525 853 2612 όψιν,
877 2524 928 2594 ότι
950 2534 1082 2594 καταλι-

66 2637 181 2702 ποῦσα
202 2631 265 2720 τὴν
288 2632 369 2720 μετὰ
393 2631 518 2720 μητρὸς
541 2638 715 2718 οἰκουρίαν
733 2635 906 2723 παρθένος
924 2635 1084 2720 έπίγαμος

67 2745 117 2820 είς
145 2738 247 2826 όχλον
275 2738 382 2827 αὑτὴν
411 2745 535 2811 ἔδωκεν
562 2739 712 2828 ἀγνῶτα,
743 2740 799 2809 καὶ
828 2739 974 2820 πολλοὺς
1001 2747 1082 2827 λαμ-

67 2847 187 2934 βάνοιν
214 2844 396 2934 λογισμοὺς
428 2845 574 2928 ἀτόπους
599 2851 763 2916 τελευτῶν
796 2847 848 2916 ἐπὶ
875 2845 954 2926 τοὺς
984 2847 1081 2914 έπιει-

65 2967 136 3034 κεϊς
158 2955 214 3022 καὶ
237 2952 504 3043 φιλανθρώπους
526 2950 761 3040 άπέκλινεν,“
740 2981 784 3034 ως
806 2951 1026 3023 ἀσπάσασθαί
1045 2978 1080 3023 τε
1095 2976 1122 3019 τε

140 3145 231 3220 Mu]
251 3145 298 3205 ἐπὶ
316 3148 362 3219 ΑΙ
378 3149 453 3237 σφᾶς
474 3150 526 3218 τῆς
547 3144 675 3220 τόχηςΟ
700 3151 813 3219 praeter
830 3149 854 3203 Β
869 3143 907 3219 Ι
889 3169 971 3204 ακ-
938 3151 1081 3204 --διανα

67 3221 241 3293 στησομένης
260 3221 282 3276 Ο
301 3214 391 3275 aut
374 3240 411 3275 αν
435 3219 585 3276 delendum
603 3218 1080 3347 QX&‘aviffimafivmffnzcvffbffi'

66 3297 303 3423 ἀᾞοίθεῗοθθ
247 3295 341 3347 censet
323 3291 636 3434 ..ἓνῗάῗάἓλεὶἶόθσῐοιῗθδδ
702 3311 802 3417 Ιδέ,
770 3358 805 3432 δὴ
826 3357 956 3433 εότνχεῖν
976 3379 998 3417 ο.
1010 3311 1081 3418 γὸόθς

64 3442 176 3528 phanus
232 3430 304 3490 17*
270 3454 370 3560 αχαρι
388 3436 413 3487 Α
467 3439 502 3490 20
519 3433 747 3506 προστρέχουσαν
765 3433 869 3490 Reiske
886 3433 1080 3504 τρέχουσανΟ

65 3517 100 3567 22
119 3507 173 3574 τὴν
193 3500 339 3578 μνῼρόεΟ
358 3507 439 3576 praet
440 3523 470 3561 er
427 3505 511 3560 B
904 3591 920 3624 *
971 3582 974 3587 .

863 3598 896 3648 20
