2454 3916
477 246 644 298 ,Α-

55 407 227 491 λαβοῦσαν
258 401 382 483 αὐτοὺς
408 402 513 489 τύχην
541 403 596 470 καλ
624 403 779 490 φήσαντα
806 410 971 492 τιμωρίαν
1003 415 1068 473 νῦν

54 519 86 578 εί
103 534 185 578 ποτε
206 507 329 597 καιρὸν
352 505 441 576 εἶναι
463 514 596 595 λαβεῖν,
627 507 745 577 αὐτίκα
772 510 980 597 ποιήσασθαι
1003 509 1069 579 σὺν

51 620 96 709 τῷ
127 620 314 708 νομευτικῷ
342 615 466 703 πλήθει
495 614 557 704 τῆν
589 618 754 685 ἐπίθεσιν.
802 618 878 704 περὶ
910 617 973 704 μὲν
1005 609 1068 686 οὖν

51 726 214 810 γενέσεως
241 724 297 791 καί
319 727 449 811 τροφῆς
469 727 539 791 τῶν
558 726 716 792 οἰκιστῶν
738 727 797 811 τῆς
814 722 942 812 Ῥοόμης
963 728 1067 792 ταῦτα

51 832 192 950 λέγεται.
1095 865 1107 905 ι

83 960 109 1007 7
140 956 304 1022 LXXXV.
349 952 397 1022 Τόι
425 953 463 1022 δὲ
495 951 578 1021 κατὰ
610 951 672 1041 τῆν
699 959 809 1022 κτίσιν
837 950 943 1042 αότῆν
973 952 1068 1041 γενό-

51 1087 138 1147 μενα
161 1061 276 1150 (τοῦτο
299 1058 363 1148 γὰρ
387 1065 435 1128 ἔτι
458 1086 516 1147 μοι
539 1059 576 1128 τὸ
600 1061 700 1148 μίρος
726 1063 785 1147 τῆς
807 1064 941 1149 γραφῆς
962 1066 1067 1129 λείπε-

51 1168 120 1258 ται)
145 1171 212 1236 νῦν
236 1173 374 1256 ἔρχομαι
398 1165 668 1297 διηγησόμενος.
690 1165 803 1299 ἐπειδή
827 1165 891 1254 γὰρ
911 1164 1068 1255 Ἀμολίου

50 1272 311 1362 τελευτήσαντος
334 1269 544 1342 ἀνενεώσατο
568 1271 630 1403 τῆν
650 1271 758 1362 ιἰρχῆν
782 1271 799 1344 ὁ
819 1276 979 1404 Νεμέτωρ
999 1272 1067 1342 ὀλί-

51 1405 113 1464 γον
137 1378 284 1467 ἐπισχὼν
306 1379 444 1467 χρόνον,
463 1372 546 1449 ἐν
519 1407 545 1472 φ
564 1379 628 1468 τῆν
645 1379 746 1451 πόλιν
769 1382 865 1448 ἐκ
826 1407 885 1466 της
902 1379 1067 1468 πρότερον
1083 1416 1108 1455 10

52 1483 275 1576 ἐπεχούσης’
256 1491 419 1574 ακοσμίας
446 1491 493 1567 είς
516 1485 577 1556 τὸν
604 1484 746 1576 ἀρχαίου
774 1487 906 1575 ἐκόσμει
928 1486 1067 1574 τρόπον,

51 1591 158 1674 εὐθὺς
181 1593 311 1662 ἐπενόει
333 1609 404 1674 τοῖς
432 1599 615 1682 μειρακίοις
638 1590 778 1662 ίδίαν’
759 1592 867 1681 αρχῆν
890 1613 1067 1662 κατασκευ-

50 1699 131 1770 όσοιι
155 1701 273 1788 ἕτέραν
296 1700 397 1769 πόλιν
421 1705 558 1780 οίκίσας.
590 1699 659 1788 ἅμα
683 1700 720 1770 δὲ
738 1702 794 1769 καὶ
811 1704 875 1769 τοῦ
892 1705 1065 1770 πολιτικοῦ
1085 1719 1105 1781 2

51 1806 212 1894 πλήθους
233 1809 387 1875 ἐπίδοσιν
411 1811 458 1886 είς
481 1804 665 1895 εὐανδρίαν
691 1805 868 1894 ἐσχηκότος
890 1806 1066 1876 ἀπαναλῶ-

46 1921 107 1984 σαί
134 1939 169 1981 τι
196 1917 304 1993 καλός
331 1919 419 2001 ἔχειν
447 1912 545 2006 η’όετο,
577 1915 633 1982 καὶ
661 1913 803 2001 μάλιστα
830 1913 867 1984 τὸ
897 1915 1066 2002 διάφορον
1081 1948 1106 1989 15

46 2021 139 2114 αὐτῷ
164 2044 244 2089 ποτε
264 2018 463 2108 γενόμενον,
482 2019 528 2101 ὡς
546 2019 590 2107 μῆ
615 2016 660 2087 δι’
681 2018 829 2103 ὑποψίας
847 2019 969 2102 αὐτοὺς
988 2027 1067 2110 ἔχοι.

46 2127 302 2215 τοινωσόμενος
337 2127 374 2196 δὲ
405 2141 477 2207 τοῖς
513 2134 711 2215 μειρακίοις,
749 2127 863 2216 ἐπειδή
900 2127 1068 2209 κάκείνοις

46 2235 172 2321 ’ὃόκεη
195 2237 338 2303 δίδωσιν
363 2232 479 2313 αὐτοῖς
501 2239 607 2322 χωρία
629 2233 691 2320 μὲν
716 2225 765 2301 ὧν
783 2232 956 2321 ἄρξουσιν,
980 2239 1067 2302 ἔνθα

46 2345 168 2420 ιαῐὸες
186 2339 282 2421 ὅντες
299 2340 504 2428 ἐτράφησαν,
522 2343 558 2409 ἐκ
573 2339 611 2408 δὲ
629 2343 690 2408 τοῦ
708 2337 772 2409 λεὼ
789 2339 850 2408 τόν
868 2367 903 2408 τε
922 2338 968 2408 δι’
984 2337 1066 2408 ὑπο-

46 2457 128 2529 ἰίοις
147 2445 238 2538 αὐτῷ
258 2446 457 2534 γενόμενον,
478 2443 516 2526 ὃς
535 2452 647 2534 ἔμελλε
666 2448 894 2535 νεωτερισμοῦ
913 2450 1067 2527 εἰσαῦθις
1081 2479 1106 2516 20

46 2558 176 2648 ἓρξειν,
198 2554 254 2622 καὶ
277 2563 311 2622 εί
328 2581 361 2621 τι
384 2552 541 2622 ἑκούσιον
563 2550 795 2639 ἀπαναστῆναι
820 2550 985 2638 ἐβούλετο.
1021 2544 1066 2640 ῆν
1085 2568 1105 2631 3

46 2666 75 2735 λε
106 2664 150 2732 ἐν
174 2660 307 2741 τούτοις
329 2658 417 2729 πολὺ
440 2659 502 2747 μὲν
527 2658 637 2749 ὥσπερ
661 2657 749 2740 είκὸς
773 2661 809 2728 ἐν
832 2658 928 2727 πόλει
950 2686 1066 2728 κινου-

46 2775 132 2860 ιένη
157 2765 196 2836 τὸ
221 2767 404 2856 δημοτικὸν
427 2770 540 2855 γένος,
568 2766 687 2835 ίκανὸν
716 2766 754 2835 δὲ
776 2767 832 2834 καί
855 2763 892 2835 τὸ
917 2764 1067 2836 ἀπὸτοῦ

46 2882 231 2970 ερατίστου
248 2874 432 2964 γνοόριμου,
452 2876 487 2941 ἐκ
510 2873 548 2942 δὲ
565 2877 627 2941 τοῦ
645 2876 797 2963 Τρωικοῦ
815 2870 853 2941 τὸ
874 2870 1065 2959 εὐγενέστα-

46 3013 104 3056 τον
133 2979 179 3069 δή
201 2980 434 3068 νομιζόμενον,
458 2982 491 3062 ἐξ
515 2973 556 3048 οὗ
575 2980 630 3048 καὶ
648 2986 765 3067 γενεαί
778 3005 868 3059 τινες
887 2983 934 3048 ἔτι
952 2983 1065 3068 περιῆ-
1080 3011 1106 3051 25

46 3114 111 3162 mv
138 3093 188 3167 είς
211 3089 278 3174 ἑμί,
297 3086 504 3174 πεντήκοντα
527 3085 659 3174 μάλιστ’
681 3085 776 3155 οἶκοι.
818 3088 1008 3175 ἐχορηγεῖτο
1028 3086 1066 3155 δὲ

120 3311 134 3358 1
163 3297 296 3371 φήσαντα
318 3320 345 3354 τι
367 3302 455 3370 ωρίαν
477 3301 501 3353 Β
515 3321 582 3388 τ.ιμ
607 3295 673 3370 φήσ.
697 3302 722 3355 R
803 3307 819 3355 9
844 3294 1065 3355 ἄνενεοόσατοΟ

46 3371 257 3433 ἱνεσωσοιτοο.
276 3321 379 3426 Βεὶεζο
453 3377 485 3425 11
506 3367 683 3458 όκοσμίαςΒ
711 3366 833 3442 ανομίας
850 3372 876 3425 R
948 3375 980 3422 12
1001 3364 1064 3422 ἐπε-

46 3454 142 3504 νοεῖτο
163 3461 187 3500 ο.
207 3442 311 3498 Reiske
372 3449 404 3497 13
424 3440 533 3505 οἰκίσας
551 3443 574 3497 Β
593 3439 710 3512 οἰκήσας
727 3443 753 3496 R
816 3448 849 3496 19
867 3435 958 3494 τόκα.
974 3438 1064 3493 Kiess·

46 3516 117 3590 ling,
138 3515 286 3570 Meutzner
305 3515 376 3569 Ann.
394 3513 464 3584 phil.
483 3520 549 3569 1877
569 3532 596 3583 p
611 3520 663 3569 833
683 3510 754 3568 τὸΟ
827 3518 862 3567 20
875 3505 1025 3580 ῆμελλεΑ
