2454 3916
155 218 221 282 380
577 249 611 259 -
650 223 743 273 Γ-

155 378 195 448 τά
217 377 303 466 πρὸς
326 376 553 460 Οὐιεντανοὺς
576 379 744 468 ἐχώρησεν
768 376 858 470 αὐτῷ
881 378 965 447 κατά
988 383 1092 466 νοῦν,
1117 383 1170 449 ἐπὶ

154 484 235 567 τοὺς
262 487 299 555 ἐν
331 486 463 576 Φιδήνη
495 491 676 574 πολεμίους
703 486 810 572 ἐξάγει
837 483 899 573 τὴν
917 484 1088 573 στρατιάν
1120 489 1170 555 ἐκ·

154 599 271 681 βαλεῖν
294 622 330 663 τε
352 593 560 682 βουλόμενος
581 592 643 681 τὴν
667 595 704 662 ἐν
723 591 808 682 αὐτῇ
831 590 989 683 φρουράν
1011 595 1068 661 καὶ
1091 593 1170 675 τοὺς

155 701 369 790 παραδόντας
398 715 469 781 τοῖς
500 707 688 789 Τυρρηνοῖς
718 697 758 769 τά
789 705 881 788 τείχη
910 698 1170 789 τιμωρήσασθαι

124 833 141 883 ,ε
154 807 447 895 προθυμούμενος.
492 810 624 895 ἐγένετο
647 808 708 895 μὲν
733 798 797 876 οὖν
819 808 876 875 καὶ
898 809 934 876 ἐκ
956 807 1171 896 παρατάξεως

155 913 243 1001 μάχη
271 928 342 994 τοῖς
359 912 535 1002 Ῥωμαίοις
563 913 648 1001 πρὸς
673 912 753 994 τοὺς
779 916 815 982 ἐκ
841 917 901 1000 τῆς
925 912 1056 995 πόλεως
1084 917 1169 997 ἐξελ-

155 1021 283 1101 θόντας
319 1022 375 1088 καὶ
416 1023 453 1089 ἐν
494 1035 567 1100 ταῖς
606 1027 830 1109 τειχομαχίαις
871 1018 965 1108 ἀγὼν
999 1023 1169 1113 καρτερός.

118 1126 242 1195 4ἕάλω
267 1124 299 1193 δ’
319 1119 382 1195 οὖν
405 1125 427 1215 ἡ
450 1126 546 1208 πόλις
563 1126 646 1196 κατά
664 1128 795 1215 κράτος,
812 1130 869 1197 καὶ
888 1132 925 1196 οί
940 1128 1004 1216 μὲν
1023 1132 1170 1219 φρουροὶ

156 1235 313 1314 δεθέντες
335 1232 404 1322 ἅμα
426 1248 496 1314 τοῖς
514 1233 629 1314 ἀλλοις
650 1239 719 1303 τῶν
743 1239 928 1324 Τυρρηνῶν
947 1237 1170 1324 αἰχμαλώτοις

115 1366 142 1406 10
155 1332 242 1428 ἦσαν
270 1344 308 1410 ἐν
336 1345 485 1430 φυλακῇ,
512 1346 710 1428 Φιδηναίων
738 1342 776 1410 δέ
807 1345 842 1410 ολ
863 1347 1045 1424 δοκοῦντες
1068 1353 1170 1413 αἴτιοι

154 1448 330 1535 γεγονέναι
357 1453 416 1535 τῆς
438 1447 652 1529 ἀποστάσεως
680 1452 715 1516 ol
740 1447 802 1536 μὲν
829 1445 895 1517 ὑπὸ
923 1456 1098 1537 μαστίγων
1121 1456 1169 1519 αί-

154 1557 328 1635 κισθέυτες
355 1558 393 1624 ἐν
420 1559 467 1649 τῷ
500 1560 636 1647 φανερῷ
664 1553 743 1636 τοὺς
770 1553 913 1644 αὐχένας
942 1552 1168 1645 ἀπεκόπησαν,

156 1664 191 1729 οί
217 1661 256 1729 δὲ
287 1676 411 1748 φυγαῖς
445 1662 679 1750 ἐζημιώθησαν
713 1660 850 1743 ἀιδίοις·
885 1662 944 1744 τάς
980 1665 1020 1734 δέ
1052 1662 1211 1746 οὐσίαςσῖῖ

155 1765 267 1837 αὐτῶν
296 1770 452 1855 διέλαχον
481 1772 518 1836 οἱ
541 1769 822 1855 καταλειφθέντες
843 1766 1017 1857 Ῥωμαίων
1041 1776 1172 1841 ἔποικοί

115 1898 140 1938 ιο
154 1902 188 1943 τε
211 1876 267 1942 καὶ
290 1876 436 1964 φρουροὶ
458 1879 518 1961 τῆς
538 1876 676 1957 πόλεως.

243 1984 380 2051 LVIIJI.
416 1988 594 2052 Τελευταία
622 1983 661 2051 δέ
688 1983 775 2071 μάχη
799 1981 973 2072 Ῥωμαίων
1000 1985 1058 2052 καὶ
1084 1993 1169 2075 Τυρ

155 2092 270 2175 ρηνῶν
294 2089 425 2174 ἐγένετο
452 2088 581 2170 πόλεως
600 2086 746 2177 Ἠρήτου
767 2096 911 2177 πλησίον
939 2092 976 2159 ἐν
1000 2095 1040 2180 τῇ
1063 2097 1168 2178 Σαβί

154 2222 225 2264 νων
252 2223 305 2284 γη.
355 2193 401 2262 δι’
427 2197 555 2283 ἐκείνης
586 2194 650 2284 γὰρ
683 2197 884 2284 ἐποιήσαντο
915 2197 978 2285 τὴν
1005 2200 1060 2267 ἐπὶ
1089 2198 1169 2280 τυδς

150 2300 335 2389 Ῥωμαίους
362 2307 477 2370 ἔλασιν
509 2306 544 2370 οί
574 2305 744 2391 Τυρρηνοὶ
776 2307 971 2384 πεισθέντες
1002 2301 1069 2374 ὕπὸ
1100 2311 1168 2375 τῶν

114 2431 141 2471 νο
156 2411 224 2477 ἐκεῖ
251 2412 423 2494 δυνατῶν,
452 2406 496 2488 ὡς
523 2410 864 2497 συστρατευσομένων
887 2415 984 2497 σφίσι
1006 2416 1076 2479 τῶν
1099 2420 1167 2480 Σα-

153 2520 271 2602 βίνων.
312 2517 350 2582 αί
371 2513 434 2603 γάρ
459 2515 598 2597 ἑξαετεῖς
621 2514 736 2596 αὐτοῖς
755 2517 831 2605 περὶ
853 2521 913 2603 τῆς
931 2517 1068 2605 εἰρήνης
1085 2519 1168 2608 πρὸς

158 2622 349 2711 Ταρκύνιον
382 2619 502 2709 ἀνοχαὶ
535 2621 782 2707 διεληλύθεσαν
818 2621 903 2710 ἤδη,
938 2625 994 2692 καὶ
1030 2633 1167 2706 πολλοῖς

153 2733 222 2797 τάν
250 2734 413 2814 Σαβίνων
443 2727 554 2808 πόθος
585 2720 630 2814 ἦν
661 2729 971 2817 ἐπανορθώσασθαι
998 2729 1058 2811 τὰς
1087 2757 1167 2821 προ-

154 2838 251 2922 τέρας
282 2833 382 2922 ἥτιας
414 2836 702 2923 ἐπιτεθραμμένης
734 2838 770 2904 ἐν
803 2850 876 2916 ταῖς
906 2836 1024 2906 πόλεσι
1055 2840 1168 2927 νεότη-

119 2911 211 3021 2τος
234 2945 360 3028 ίκανῇς.
402 2940 443 3010 οὐ
467 2940 533 3029 μὴν
557 2940 707 3030 ἐχάρησέ
727 2969 765 3030 χε
788 2941 903 3023 αὐτοῖς
925 2941 1064 3034 ἡπεῖρα
1086 2945 1168 3016 κατά

114 2998 140 3039 25

228 3143 241 3190 1
264 3132 457 3198 Οὐιεντανούς
474 3156 504 3192 τε
524 3137 573 3191 καλ
591 3135 790 3207 Καιρητανοὺς
808 3155 832 3194 e.
855 3138 994 3194 Biioheler
1076 3149 1091 3198 6
1111 3149 1168 3206 τοῖς

154 3208 243 3263 Bom.
253 3209 279 3263 R
295 3211 299 3277 Ι
317 3204 349 3264 έκ
363 3208 413 3277 τῆς
426 3204 534 3272 πόλεως
547 3213 614 3278 post
632 3204 804 3276 ἐξελθόντας
818 3210 841 3265 0
854 3212 968 3297 praeter
980 3210 1005 3264 B
1061 3220 1097 3268 14
1111 3213 1168 3269 διέ-

153 3283 239 3348 λαχον
263 3280 286 3333 Β
314 3277 416 3348 ἐλαχον
438 3279 464 3331 A
550 3285 583 3334 16
607 3277 640 3335 δέ
663 3279 804 3352 Kiessling
829 3283 865 3350 δη
889 3283 912 3336 Β
935 3277 964 3336 δ’
984 3278 1003 3351 ἡ
1026 3284 1072 3353 ΕΙ
1093 3283 1167 3356 μάχη

154 3347 328 3422 ὁωμαίωνΒ
351 3349 376 3422 ό.
396 3345 471 3421 μάχη
490 3352 516 3406 R
593 3356 626 3406 17
644 3349 819 3425 <ί>ρ<ί>του
838 3354 861 3407 Β
938 3359 973 3407 20
995 3355 1168 3411 δυνατάνΒ

154 3422 301 3492 δυσμενῶν
323 3422 349 3476 R
368 3418 374 3492 Ι
393 3417 432 3484 ὥς
450 3438 503 3478 om.
527 3422 550 3475 Β
571 3423 576 3488 Ι
595 3422 861 3493 συστρατευομένων
885 3423 938 3478 ΑΒ
1018 3431 1054 3480 22
1078 3425 1168 3483 διελό·

154 3495 250 3560 θησαν
268 3510 291 3548 ο.
312 3492 434 3563 Sylburg
453 3491 662 3562 ἐξεληλύθεσαν
681 3492 771 3549 Cobet
789 3494 854 3549 Obs.
874 3513 901 3564 p.
919 3501 952 3550 72
1032 3570 1042 3591 ⁹
