2454 3916
73 382 130 450 καὶ
157 379 216 459 τάς
242 379 350 459 πύλας
377 384 566 460 κλείσαντες
591 378 806 450 Οὐιεντανῶν
833 406 868 449 τε
896 385 1088 468 συμμαχίαν

73 487 276 574 ἐπαγόμενοι
309 489 345 555 ἐκ
376 490 437 556 τοῦ
470 480 622 574 φανεροῦ
654 485 898 574 ἀφειστήκεσαν
930 487 986 555 καὶ
1017 501 1089 566 τοῖς

71 595 360 682 παραγενομένοις
395 597 431 663 ἐκ
458 591 599 682 Ῥοόμης-
619 600 838 681 πρεσβευταῖς
870 596 1088 681 πυνθανομέ-

71 728 147 781 νοις
175 699 238 789 τὴν
265 705 375 769 αἰτίαν
403 705 462 787 τῆς
488 699 702 782 ἀποστάσεως
728 700 951 790 ἀπεκρίναντο
980 701 1086 789 μηδὲν

71 806 187 889 αὐτοῖς
219 812 265 875 ἐτι
298 812 433 896 πρᾶγμα
464 807 547 897 πρὸς
574 807 636 896 τὴν
659 806 832 896 Ῥωμαίων
864 808 965 878 πόλιν
997 806 1112 879 είναιτ

70 913 205 1000 κοινόν,
229 916 262 996 ἐξ
287 905 328 982 οὗ
342 912 511 1002 Ῥωμύλος
533 912 551 983 ὁ
575 913 733 1001 βασιλεὺς
753 911 866 983 αύτῶυ
884 913 1086 1002 ἐτελεύτησε,

70 1019 156 1109 πρὸς
178 1021 219 1090 δν
239 1021 438 1108 ἐποιήσαντο
457 1019 497 1090 τά
515 1023 591 1109 περὶ
608 1026 668 1109 τῆς
685 1027 799 1110 φιλίας
817 1019 924 1111 ὅρκια.
963 1021 1086 1102 ταύτας
1103 1027 1125 1091 2

72 1126 116 1216 δὴ
143 1127 202 1208 τάς
227 1127 413 1217 προφάσεις
443 1126 556 1214 λαβὼν
587 1129 650 1215 τήν
677 1156 712 1197 τε
740 1134 867 1209 οίκείαν
898 1126 1087 1211 καθώπλιζε

72 1234 221 1324 δύναμιν
248 1236 304 1303 καὶ
330 1235 389 1315 τάς
420 1234 510 1325 παρὰ
541 1239 610 1303 τῶν
643 1236 828 1323 συμμάχων
857 1238 1086 1325 μετεπέμπετο.

70 1351 229 1412 πλεῖστον
254 1342 291 1410 δὲ
312 1342 369 1410 καὶ
391 1341 570 1430 κράτιστον
598 1340 812 1431 ἐπικουρικὸν
835 1344 871 1411 ἐκ
893 1347 952 1429 τῆς
970 1340 1085 1428 Ἀλβα-
1100 1373 1127 1413 ιο

71 1452 145 1518 νόν
171 1448 300 1528 πόλεως
322 1449 468 1528 Μέττιος
497 1449 704 1535 Φουφέττιος
737 1439 816 1535 ἧκεν
847 1445 942 1534 άμων
970 1446 1086 1528 ὅπλοις

20 1558 322 1643 εῖνκεκοσμημένου
360 1556 575 1644 ἐκπρεπέσιν,
622 1553 707 1623 ὥστε
752 1553 860 1634 πάσας
902 1553 1085 1642 ὑπερβαλέ-

71 1673 156 1731 σθαι
183 1661 242 1742 τάς
268 1660 475 1750 συμμαχικὰς
507 1661 675 1748 δυνάμεις.
726 1657 744 1729 δ
772 1661 834 1748 μὲν
865 1652 928 1730 οὖν
960 1661 1125 1740 Τύλλος3

71 1766 118 1849 ὡς
145 1772 180 1838 ἐκ
207 1774 401 1856 προθυμίας
427 1795 462 1837 τε
489 1769 545 1837 καὶ
571 1767 636 1838 άπὸ
668 1766 794 1848 παντὸς
821 1773 882 1839 τού
910 1773 1085 1856 βελτίστου

68 1891 251 1945 κοινωνεῖν
274 1874 442 1962 ἐγνωκότα
465 1879 526 1944 τοῦ
547 1878 697 1963 πολέμου
718 1872 778 1944 τὸν
797 1878 946 1946 Μέττιον
970 1874 1085 1964 ἐπῄνει
1100 1905 1126 1964 1⁵.

70 1984 129 2052 καὶ
151 1981 287 2053 πάντων
316 1983 458 2052 ἐποιεῖτο
485 1985 553 2052 τόν
576 1982 816 2069 βουλευμάτων
840 1989 1035 2069 συνίστορα·
1066 1979 1084 2051 δ

70 2088 111 2158 δὲ
133 2086 229 2176 άνήρ·
245 2078 343 2166 οὗτος
365 2090 402 2156 ἐν
422 2093 543 2168 αίτίοιις
560 2086 650 2175 παρὰ
667 2103 739 2168 τοῖς
756 2094 907 2170 πολίταις
923 2087 1085 2176 ὑπάρχων

69 2193 118 2275 ὡς
139 2199 248 2278 κακῶς
270 2195 521 2285 ἐστρατηγηκὼς
546 2195 607 2265 τόν
628 2195 792 2283 πόλεμον,
814 2195 870 2263 καλ
894 2194 936 2282 δίχ
959 2196 1015 2264 καὶ
1038 2201 1086 2276 είς

67 2307 259 2389 προδοσίαν
284 2303 558 2390 διαβαλλόμενος,
581 2304 696 2388 ἐπειδὴ
718 2307 832 2391 τρίτον
856 2307 928 2381 ἔτος
950 2303 1004 2370 ἐπὶ
1026 2305 1085 2387 τῆς

69 2406 318 2498 αὐτοκράτορος
340 2406 444 2497 ἀρχῆς
467 2412 598 2496 διέμενε
620 2408 753 2479 Τύλλου
774 2407 1003 2493 κελεύσαντος,
1020 2409 1084 2477 ,ούκ
1098 2439 1126 2480 εο

68 2513 176 2597 άξιων
194 2541 229 2585 τε
247 2513 354 2603 άρχίχν
373 2521 461 2602 ἔχειν
480 2516 593 2603 ἑτέρας
615 2513 719 2603 ἀρχῆς
735 2513 885 2602 ὑπήκοον
905 2513 987 2584 οὐδὲ
1004 2512 1083 2583 ὑπο-

68 2620 250 2691 τάττεσθαι
278 2625 406 2708 μᾶλλον
433 2617 458 2709 ἢ
488 2620 549 2691 ούκ
577 2620 676 2702 αὐτὸς
704 2620 862 2710 ἡγεῖσθαι
888 2620 1025 2709 πρᾶγμά
1051 2648 1084 2690 τι

69 2726 314 2814 ἐπεβούλευσεν
341 2726 492 2797 άνόσιον.
541 2726 899 2817 διαπρεσβευσάμενος,
916 2726 980 2816 γὰρ
1005 2728 1125 2817 κρύ-4

68 2863 121 2924 φα
138 2832 221 2924 πρὸς
239 2834 319 2915 τοδς
327 2833 500 2923 Ῥωμαίων
517 2841 697 2924 πολεμίους
714 2837 917 2917 ἐνδοιαστῶς
936 2841 984 2906 ἔτι
1000 2835 1085 2926 πρὸς

68 2941 134 3030 τὴν
157 2938 344 3012 ἀπόστασιν
367 2947 505 3030 ἔχοντας
530 2945 652 3032 ἐπῆρεν
675 2940 798 3022 αύτούς
825 2942 869 3030 μὴ
896 2958 1084 3030 κατοκνεῖν,
1098 2971 1125 3013 11

69 3046 116 3130 ὡς
143 3047 245 3128 αὐτὸς
277 3049 589 3137 συνεπιθησόμενος
610 3048 786 3136 Ῥωμαίοις
818 3051 855 3117 ἐν
886 3054 932 3142 τῷ
966 3048 1084 3136 άχοόνι,

143 3203 366 3275 2αύιστήκισαν
379 3208 459 3264 Ba*
467 3203 699 3295 άφειστιὶκεισαν
704 3209 729 3266 R
743 3210 818 3279 quod
832 3210 941 3269 correxi
995 3216 1083 3264 ὅκοι-

69 3276 124 3335 νὸν
152 3279 325 3339 d01.00bet
352 3279 418 3336 Oba.
443 3299 470 3350 p
495 3287 530 3336 65
610 3275 702 3364 8080}
707 3281 771 3365 >B
852 3278 978 3342 9τὰςΒ
1005 3275 1085 3336 τάΑ

72 3360 114 3408 11.
136 3358 169 3407 12
197 3347 275 3420 άχων
302 3344 532 3440 ὑπερβάλλεσθαι
550 3351 649 3408 mediis
672 3352 780 3410 omissis
807 3352 833 3407 A
857 3354 863 3422 Ι
887 3346 1037 3413 *άπάσαις
1062 3352 1085 3406 Β

72 3431 106 3479 14
124 3417 226 3479 άπδΒ
250 3439 304 3478 om.
323 3423 350 3484 R
422 3427 455 3485 17
474 3413 558 3486 οὗτος
579 3424 626 3479 Bb
653 3414 743 3486 οότος
761 3423 827 3492 Bal
846 3419 966 3510 παρδιΒ
994 3416 1085 3486 οὕτως

68 3490 189 3566 παρδιΒ
243 3499 275 3549 21
291 3488 380 3560 αξιων
393 3514 420 3548 τι
433 3494 479 3549 Ba
496 3489 585 3562 ἄξιόν
600 3491 680 3555 ἔτιο
693 3493 836 3563 Kiessling
889 3500 923 3549 22
938 3487 956 3564 ἢ
971 3509 1024 3550 om.
1039 3494 1086 3549 Ba
