2454 3916
481 246 513 256 ·-
552 218 647 270 F*
1004 213 1069 284 331

56 385 155 462 σθαι,
179 375 328 443 Μέττιον
356 374 394 443 δὲ
420 375 646 462 Φουφέττιον,
670 370 712 444 δν
739 373 836 444 αὐτοὶ
863 379 903 465 τή
933 382 1069 466 μεγίστη

55 481 142 572 άρχή
166 481 371 570 ἐκόσμησαν,
395 479 440 562 ὡς
464 479 505 569 δή
528 481 707 568 κράτιστον
727 480 900 568 Ἀλβανῶν
929 487 1070 553 διοικεῖν

55 588 98 658 τά
115 586 215 659 κοινά
229 591 324 678 μέχρι
342 593 403 658 τοῦ
416 588 585 677 παρόντος
601 587 770 676 είάσαμεν.
809 586 891 658 ἄνθ’
908 580 958 658 ὧν
976 595 1071 671 τίνας
1090 586 1109 651 7

55 693 138 785 ἡμῖν
166 695 303 785 χάριτας
329 693 515 783 ἀπέδοσαν,
542 693 643 783 ἡνίκα
670 700 799 783 μᾶλλον
823 700 934 783 φίλων
955 722 992 766 τε
1013 697 1071 765 καί

55 801 243 891 συμμάχων
266 800 401 883 εὐνοίας
423 806 508 889 ἔδει,
531 800 708 872 ἀκούσατε·
740 802 952 891 ἀπορρήτους
973 828 1097 891 ποιη-ε

56 894 199 996 σάμενοι
226 908 402 996 συνθήκας
428 906 512 998 πρὸς
538 906 617 990 τοὺς
642 906 780 990 κοινοὺς
806 915 1002 999 πολεμίους,
1025 910 1071 992 ὡς

55 1017 95 1084 έν
118 1020 164 1108 τῷ
187 1013 295 1101 άγοῖνι
317 1015 628 1104 συνεπιθησόμενοι
651 1013 732 1104 ήμίν
751 1015 821 1105 μετ’
843 1016 966 1104 αὐτόν,
984 1019 1070 1086 ἐπει-

56 1119 100 1208 δή
138 1126 283 1209 πλησίον
322 1120 477 1210 άλλήλων
514 1123 699 1211 ἐγινόμεθα
734 1124 973 1206 καταλιπόντες
1007 1122 1070 1212 τήν

55 1226 151 1309 τάξιν
174 1224 273 1315 έφ’“
253 1256 297 1316 ην
320 1227 557 1317 έτάχθησαν”
529 1256 659 1322 φχοντο
677 1228 762 1316 πρὸς
783 1229 824 1299 τά
823 1229 1025 1362 πλησίον”
1007 1257 1070 1318 ορη

57 1333 173 1426 δρόμῳ
206 1337 521 1424 προκαταλαβέσθαι
558 1335 760 1417 σπεύδοντες
795 1335 837 1406 τά
868 1336 985 1425 ὀχυρά.
1040 1311 1111 1439 εί8

56 1433 184 1528 μὲν
145 1466 208 1510 ουν
230 1438 313 1510 κατὰ
335 1445 422 1511 νοῦν
444 1438 466 1530 ή
487 1456 585 1531 πείρα
608 1441 722 1522 αὐτοῖς
744 1442 877 1531 έχοόρει,
900 1437 1046 1511 οόδλν’“
1026 1469 1070 1510 αν

10 1545 100 1622 ιθστὸ
124 1541 301 1617 κωλῦον
280 1576 324 1636 ην
351 1546 500 1630 άπαντας
526 1546 612 1637 ἡμᾶς
639 1547 849 1618 ἀπολωλέναι
877 1550 1071 1619 κυκλωθέν-

56 1681 117 1736 τας
143 1651 210 1723 ὑπό
238 1681 273 1724 τε
298 1660 468 1743 πολεμίων
495 1658 552 1724 καλ
579 1660 705 1744 φίλων,
736 1656 792 1724 καὶ
818 1653 898 1737 τοὺς
923 1653 1071 1735 πολλοὺς

55 1766 117 1850 τής
142 1762 272 1843 πόλεως
298 1761 394 1852 ήμῶν
421 1761 569 1850 άγῶνας,
598 1759 658 1844 οὓς
687 1760 772 1852 ὑπὲρ
801 1767 862 1850 τῆς
891 1760 1072 1850 ἡγεμονίας

56 1867 314 1959 ήγωνισάμεθα,
338 1871 376 1938 έν
399 1866 506 1960 ἡμέρᾳ
527 1873 763 1958 διαφθαρῆναι
786 1873 855 1961 μιᾷ.
895 1866 1010 1956 ἐπειδή
1033 1841 1112 1971 661⁵}

58 1977 212 2044 διέπεσεν
252 1974 365 2044 αὐτῶν
406 1974 444 2044 τὸ
485 1975 656 2064 βούλευμα
696 1980 790 2045 θεῶν
831 1975 894 2064 μὲν
937 1973 1072 2056 εὐνοίας

56 2083 337 2170 προηγησαμένης
369 2079 512 2171 (ἁπάσας
547 2080 612 2171 γάρ
645 2088 749 2170 έγωγε
784 2081 843 2162 τὰς
877 2081 981 2164 καλὰς
1015 2083 1073 2151 καὶ

56 2186 191 2275 άγαθὰς
219 2186 353 2276 προέξεις
380 2190 522 2269 ἐκείνοις
548 2186 763 2279 ἀνατίθημι),
791 2194 903 2258 ἔπειτα
929 2190 985 2258 καὶ
1012 2192 1072 2276 τής

58 2297 140 2382 ἐμής
163 2301 362 2382 στρατηγίας
385 2293 446 2364 οὐκ
465 2297 641 2383 ἐλαχίστην
664 2309 788 2384 μοῖραν
811 2305 859 2376 είς
880 2322 916 2364 τε
938 2294 976 2364 τὸ
995 2297 1073 2376 δέος

56 2404 129 2471 τῶν
150 2405 319 2488 πολεμίων
346 2401 403 2469 καί
430 2405 478 2481 είς
499 2399 537 2470 τὸ
565 2401 696 2489 θάρσος
721 2397 759 2470 τὸ
782 2397 944 2488 ὑμέτερον
967 2416 1112 2495 napa-22

58 2509 225 2595 σχομένης
248 2504 283 2597 (ά
306 2506 370 2596 γάρ
394 2505 459 2595 ἐγὼ
481 2509 584 2600 ἐντῷ
602 2507 677 2577 τότε
699 2505 807 2595 ιἰγοῖνι
827 2513 924 2595 ἔφην,
948 2504 993 2587 άις
1010 2504 1068 2575 ὑπ’

58 2617 144 2703 ἐμοῦ
174 2615 413 2693 κελευσθέντες
435 2611 592 2699 ’Λλβανολ
622 2613 1002 2703 προκαταλαμβάνονται
1030 2611 1072 2681 τά

59 2720 123 2810 όρη
151 2719 347 2800 κυκλώσεως
377 2725 446 2789 τῶν
472 2724 642 2808 πολεμίων
675 2722 787 2808 ἕνεκα,
813 2719 990 2808 πλάσματα
1016 2720 1072 2788 καὶ

59 2825 315 2916 στρατηγήματα
347 2819 392 2914 ήν
425 2825 518 2918 ἐμά),
553 2825 792 2916 κεχωρηκότων
825 2824 856 2893 δ’
891 2823 972 2914 ἡμῖν
1003 2830 1072 2895 τοῖν
1084 2823 1126 2890 10

58 2932 264 3020 πραγμάτων
287 2929 332 3013 ὡς
354 2931 435 3021 ἡμῖν
454 2935 642 3022 συνέφερεν
666 2930 728 3002 οὐκ
749 2929 793 3002 άν
813 2941 928 3022 είημεν
951 2932 1073 3022 άνδρες
1086 2947 1113 2989 ¹⁵

60 3043 156 3120 οἵους
191 3036 278 3128 ἡμᾶς
312 3044 481 3129 προσῆκεν
513 3038 615 3127 εἶναι,
647 3045 680 3109 εί
714 3038 758 3128 μή
794 3046 1072 3129 τιμωρησαίμεθα

134 3267 232 3342 4μαλ
232 3289 285 3326 στα
304 3289 327 3326 ο.
341 3271 479 3327 Βδολιελει·
533 3277 566 3327 12
581 3266 730 3327 κωλόονΑ
786 3277 818 3326 13
832 3273 973 3340 φιλίωνο
985 3270 1074 3327 Cobet

60 3342 172 3483 ⁰¹³⁸&ss
172 3349 246 3470 λλ
261 3415 284 3469 B
310 3291 888 3540 ¹⁴21'62}⁰²ss⁸⁶3236·263¹2¹“1366622
907 3336 1075 3542 Βιλμλξιῗ

62 3433 174 3556 ηκονγΑ
192 3479 330 3556 προσήκει
347 3485 443 3541 Βὶλολιε
456 3501 487 3540 er
