2454 3916
153 207 198 272 90
579 209 745 261 -ε-

154 367 285 454 λύττης]
310 372 391 436 ἐθει.
436 371 574 446 Αἰνείας
598 365 636 433 δὲ
654 362 776 453 μαθὼν
796 363 848 434 ότι
870 364 995 452 ταύτην
1018 363 1086 455 ἄρα
1107 364 1172 454 τήν

153 472 340 559 τετράποδα
362 470 511 561 ἡγεμόνα
532 471 571 541 τὸ
595 474 770 560 θέσφατον
793 469 908 553 αύτοίς
931 471 1056 560 ἐδήλου
1082 489 1220 562 παρ-142

153 580 336 667 ηκολούθει
351 579 415 650 σύν
429 577 558 666 ὀλίγοις
576 578 697 667 μικρὸν
711 577 985 667 ὑπολειπόμενος,
1008 577 1174 660 δεδοικὼς

154 685 198 774 μή
219 684 287 761 Ιὑπὸ
302 686 459 775 θορύβου
480 691 550 755 τῶν
565 685 760 755 διωκόντων
784 684 988 775 ἀποτραπείη
1006 689 1067 773 τής
1087 685 1174 757 κατὰ

113 769 140 898 2⁶
155 797 301 881 δαίμονα
315 791 410 862 ὁδοῦ.
432 791 523 880 καλή
542 792 604 880 μὲν
624 790 710 880 ἀμφὶ
723 789 803 873 τοὺς
820 801 926 862 είκοσι
938 794 995 863 καὶ
1013 795 1174 882 τέτταρας

155 903 313 979 σταδίους
335 898 400 968 ἀπὸ
427 901 597 986 θαλάττης
620 903 806 968 διελθοῦσα
832 898 943 986 λόφον
969 897 1047 969 τινά
1069 919 1174 989 προσ-

154 1009 343 1094 ανατρέχει,
371 1011 458 1075 ἔνθα
484 1003 550 1075 ὑπὸ
578 1005 730 1094 καμάτου
759 1005 959 1094 μοχθήσασα
987 1008 1173 1090 καθέζεται.

153 1117 200 1204 τῷ
231 1113 269 1181 δὲ
300 1118 421 1204 Αἰνείᾳ
452 1113 565 1202 (τέλος
594 1111 659 1201 γάρ
695 1111 736 1182 τὰ
769 1113 982 1202 μαντεύματα
1014 1115 1173 1200 ἐφαίνετο

155 1219 259 1309 ἔχειν)
283 1216 407 1307 ὁρῶντι
428 1217 467 1288 τὸ
491 1225 616 1307 χωρίον
638 1224 701 1307 γῆς
721 1246 757 1288 τε
780 1217 842 1289 ούκ
864 1221 902 1289 ἐν
915 1224 1006 1312 καλῷ
1027 1219 1085 1288 καὶ
1107 1229 1172 1289 θα-

115 1363 142 1402 10
155 1326 275 1413 λύττης
296 1327 411 1415 πρόσω
434 1327 490 1395 καί
515 1324 596 1394 οὐδὲ
618 1325 741 1414 ταύτης
762 1329 1009 1414 ἐνορμίσασθαι
1026 1324 1173 1415 ἀγαθής,

154 1432 261 1521 πολλή
279 1439 477 1521 παρίσταται
495 1431 680 1521 ἀμηχανία,
703 1432 828 1523 πότερα
850 1431 913 1521 χρὴ
941 1438 986 1526 τῷ
1010 1432 1175 1526 θεσφάτφ

154 1543 380 1628 πειθομένους
411 1537 517 1609 αὐτοῦ
548 1553 733 1625 κατοικεῖν,
767 1545 854 1609 ἔνθα
885 1537 1039 1626 λυπηρόν
1067 1541 1175 1610 είσαεί

154 1651 232 1734 βίον
254 1653 435 1737 τρίψουσιν
458 1644 600 1726 οὐδενὸς
622 1649 769 1734 χρηστού
783 1644 1022 1733 ἀπολαύοντες,
1045 1642 1066 1734 ή
1089 1671 1173 1736 προ-

114 1771 136 1836 3
155 1755 289 1842 σωτέρω
312 1755 482 1841 χωρητέον
497 1754 550 1822 ἐπὶ
572 1757 634 1840 γῆς
647 1751 829 1841 ἀμείνονος
842 1752 1035 1840 μάστευσιν.
1066 1758 1174 1823 ταῦτα

115 1893 142 1935 15
157 1859 195 1927 δὲ
223 1857 312 1950 αύτῷ
341 1863 574 1951 διανοουμένῳ
602 1860 658 1928 καὶ
679 1857 760 1940 τοὺς
781 1858 886 1940 θεοὺς
914 1865 1025 1947 ἔχοντι
1049 1857 1095 1929 δι’
1122 1865 1173 1929 al·

154 1971 227 2045 τίας
253 1965 352 2054 ἀφνω
379 1968 509 2052 λέγεται
537 1966 636 2054 φωνή
658 1994 710 2047 τις
737 1970 773 2036 ἐκ
794 1971 854 2054 τῆς
881 1967 989 2054 νάπης
1015 1965 1174 2055 ἀφανοῦς

156 2069 255 2152 όντος
285 2079 346 2143 τοῦ
379 2076 618 2161 φθεγγομένου
654 2088 858 2161 προσπεσεῖν
893 2073 1078 2143 κελεύουσα
1116 2077 1173 2163 μέ-

154 2207 230 2249 νειν
252 2208 288 2250 τε
310 2179 434 2250 αύτόθι
456 2182 512 2249 καὶ
535 2185 731 2263 πολίζεσθαι
755 2178 812 2248 διδι
829 2183 958 2268 ταχέων
980 2181 1038 2249 καὶ
1060 2179 1106 2269 μή
1125 2186 1172 2275 τῷ

155 2285 271 2382 ἀπόρῳ
294 2292 353 2376 τής
375 2287 546 2377 παρούσης
569 2287 668 2374 δόξης
691 2290 926 2376 ἐπιτρέψαντα,
947 2286 1041 2374 εἰμὴ
1061 2290 1099 2357 ἐν
1119 2288 1173 2359 εύ-

155 2395 244 2488 βότφ
274 2399 316 2485 γή
346 2393 407 2464 τὸν
437 2401 514 2482 βίον
539 2394 727 2483 ἱδρύσεται,
757 2391 819 2480 τὴν
843 2393 1035 2481 μέλλουσάν
1056 2384 1093 2465 τε
1116 2397 1204 2465 καὶ·

119 2500 239 2583 4όσον
264 2501 357 2571 ούπω
380 2507 557 2591 παροῦσαν
572 2500 730 2589 εὐτυχίαν
753 2500 965 2570 ἀπώσασθαι.
995 2499 1083 2571 εἶναι
1107 2501 1173 2593 γὰρ

155 2607 244 2700 αύτῷ
273 2612 494 2697 πεπρωμένον
522 2613 559 2679 ἐκ
584 2607 706 2694 ταύτης
734 2606 934 2696 ὁρμύμενον
961 2612 1020 2696 τῆς
1042 2613 1175 2699 λυπρᾶς

154 2715 211 2782 καὶ
235 2712 350 2802 ὀλίγης
376 2714 414 2784 τὸ
442 2721 577 2804 πρῶτον
607 2715 768 2803 οἰκήσεως
795 2713 924 2802 πολλήν
946 2716 1003 2783 καὶ
1030 2712 1169 2803 ἀγαθήν
1177 2733 1226 2783 14³

156 2820 399 2907 ἐπικτήσασθαι
429 2826 495 2908 γῆν
528 2821 592 2891 σὺν
624 2821 750 2914 χρόνῳ·
781 2823 878 2890 παισὶ
911 2821 948 2890 δὲ
979 2819 1087 2892 αύτοῦ
1116 2823 1175 2891 καὶ

115 2960 142 3002 25
157 2924 309 3013 ἐγγόνοις
333 2931 471 2994 ἔσεσθαι
501 2925 607 3014 ἀρχὴν
645 2933 804 3015 μεγίστην
836 2929 892 2996 καὶ
924 2927 977 2996 ἐπὶ
1013 2936 1175 2998 πλεῖστον

155 3031 282 3121 χρόνον
305 3033 649 3122 ἐκμηκυνθησομένην
672 3032 826 3123 ὑπάρξαι.
870 3033 997 3121 ταύτην
1021 3034 1084 3123 μὲν
1109 3028 1175 3107 οὖν

227 3268 243 3317 2
262 3259 423 3334 τετράποδα
446 3282 500 3320 om.
524 3265 547 3318 B
624 3273 649 3322 6.
668 3272 685 3321 9
708 3261 855 3335 θαλάσσης
877 3267 900 3322 Β
978 3272 1011 3322 11
1037 3270 1178 3337 παρίστα-

154 3336 228 3391 τοΒ
297 3342 330 3391 12
349 3332 439 3391 αύτού
458 3334 651 3406 πειθομένους
668 3338 722 3393 AB
789 3344 821 3393 1⁷
842 3335 1022 3409 φεγγομένου
1041 3342 1067 3395 A
1083 3342 1088 3409 1
1104 3335 1179 3410 πρὸς

154 3408 240 3463 ποσίν
256 3406 303 3462 Ba
373 3413 406 3463 23
426 3404 458 3462 τὸ
481 3402 660 3478 πρότερονΒ
741 3415 775 3464 25
794 3413 927 3465 πλεῖστον
950 3410 1129 3468 Απλείστου
1151 3412 1178 3467 Β

191 3485 226 3535 26
244 3473 373 3549 *χρόνον
392 3479 447 3534 AB
