2454 3916
546 217 709 270 -Β-

122 373 298 455 εὐπειθεῖς.
336 373 437 444 ὁπότε
459 374 524 463 γάρ
547 373 637 467 αὐτῷ
661 379 784 462 φανείη
810 374 969 463 στρατιάν
994 373 1136 460 ἐξάγειν,

123 480 200 550 οὔτε
222 480 416 572 χιλιάρχους
437 480 512 551 τότε
536 485 604 549 ἔδει
627 479 896 550 ἀποδείκνυσθαι
918 480 1000 550 κατὰ
1024 483 1136 569 φυλάς

123 587 200 656 οὔτε
233 588 502 678 ἑκατοντάρχους.
525 587 608 656 κατὰ
640 587 761 676 λόχους
793 587 870 657 οὔτε
903 590 1032 656 ίππέαιν
1058 586 1136 676 ἡγε-

122 693 228 782 μόνας
251 695 328 765 οάτε
346 698 607 784 ἐξαριθμεῖσθαί
625 722 660 764 τε
678 697 734 763 καὶ
752 700 943 783 λοχίζεσθαι
961 696 1017 763 καὶ
1035 693 1187 777 τάξινλσθ

81 819 94 862 ⁵
122 800 281 882 ἑκάστους
312 801 375 890 τὴν
406 802 646 891 προσήκουσαν
682 800 881 889 λαμβάνειν·
918 799 1002 870 άλλὰ
1040 808 1135 888 βασι-

121 907 198 989 λεὺς
233 908 295 996 μὲν
332 924 402 990 τοῖς
437 907 622 997 χιλιάρχοις
657 908 902 998 παρήγγελλεν,
941 910 1064 976 έκεῖνοι
1097 909 1136 978 δὲ

120 1029 191 1095 τοῖς
213 1023 382 1102 λοχαγοῖς·
404 1013 494 1104 παρὰ
514 1014 552 1083 δὲ
570 1013 700 1084 τούτων
725 1019 760 1084 οί
782 1014 982 1103 δεκάδαρχοι
1004 1014 1134 1102 μαθόν-

120 1149 173 1202 τες
196 1124 315 1208 ἐξῆγον
338 1122 419 1203 τοὺς
440 1120 730 1209 ὑποτεταγμένους
753 1123 884 1202 ἑαυτοῖς
907 1124 1049 1208 ἕκαστοι,
1071 1120 1131 1209 ἀφ’

122 1227 199 1308 ἑνός
220 1255 256 1298 τε
277 1228 500 1316 κελεύσματος
528 1239 592 1326 είτε
620 1233 709 1297 πάσα
731 1227 753 1317 ἡ
778 1228 921 1315 δύναμις
944 1237 1009 1297 είτε
1032 1227 1133 1318 μοῖρά

82 1353 109 1394 1⁰
121 1363 171 1415 τις
194 1337 227 1418 ἐξ
250 1334 353 1424 αὐτῆς
375 1342 516 1424 κληθείη
544 1335 585 1406 τὰ
615 1335 700 1406 ὅπλα
723 1343 846 1424 ἔχουσα
868 1341 980 1423 παρῆν
1004 1340 1051 1415 είς
1073 1333 1134 1404 τὸν

121 1440 366 1530 ἀποδειχθέντα
389 1443 495 1513 τόπον
519 1441 686 1532 εὐτρεπής.

159 1551 178 1594 >
209 1552 281 1619 XV.
311 1554 521 1638 Τεταγμένην
545 1550 607 1639 μὲν
627 1543 690 1619 οὖν
707 1551 764 1617 καὶ
780 1551 1033 1638 κεκοσμημένην
1050 1548 1136 1639 πρὸς

121 1656 261 1745 είρήνην
287 1684 323 1726 τε
350 1655 573 1744 άποχροάντως
600 1658 656 1726 καὶ
682 1654 767 1745 πρὸς
792 1655 834 1726 τὰ
859 1658 1001 1744 πολέμια
1024 1659 1134 1744 ἐπιτη-

121 1766 219 1843 δείως
256 1765 291 1831 ἐκ
322 1762 453 1833 τούτων
490 1768 559 1833 τῶν
595 1762 846 1851 πολιτευμάτων
881 1761 944 1850 τὴν
980 1762 1081 1832 πάλιν
1114 1761 1132 1832 ὁ

80 1884 106 1926 1⁵
117 1866 284 1956 Ῥωμύλος
311 1868 551 1957 ἀπειργάσατο,
578 1869 726 1958 μεγάλην
756 1870 795 1939 δὲ
824 1871 881 1937 καὶ
912 1868 1134 1958 πολυάνθραι

84 1974 186 2045 2πον
213 1979 249 2044 έκ
280 1981 400 2045 τῶνδε·
431 1981 566 2065 πρῶτον
598 1976 660 2064 μὲν
691 1981 739 2057 είς
770 1975 921 2064 ἀνάγκην
953 1979 1133 2064 κατέστησε

118 2080 198 2163 τοὺς
226 2082 402 2171 οἰκήτορας
428 2081 531 2169 αὐτῆς
558 2081 691 2152 ἅπασαν
718 2082 844 2173 άρρενα
871 2081 993 2169 γενεάν
1025 2085 1132 2173 ἐκτρί-

74 2215 76 2219 ·
120 2215 198 2275 φειν
219 2189 276 2257 καί
298 2188 497 2277 θυγατέρων
524 2186 582 2269 τὰς
609 2187 859 2276 πρωτογόνους,
888 2188 1133 2259 ἀποκτιννύναι

120 2295 159 2364 δὲ
187 2294 294 2383 μηδὲν
319 2298 388 2363 τῶν
415 2299 640 2383 γεννωμένων
667 2294 833 2386 νεώτερον
854 2301 1020 2384 τριετοῦς,
1042 2295 1132 2384 πλὴν

79 2428 106 2467 ιο
120 2411 154 2471 εί
172 2430 204 2472 τι
231 2405 364 2488 γίνοιτο
392 2406 531 2471 παιδίον
560 2400 735 2490 άνάπηρον
762 2397 783 2489 ἢ
811 2404 910 2491 τέρας
937 2402 1043 2484 εάθδς
1065 2402 1131 2472 άπὸ

119 2514 230 2597 γονῆς.
265 2512 371 2578 ταῦτα
394 2507 425 2576 δ’
452 2507 513 2578 οὐκ
537 2508 705 2578 έκάλνσεν
729 2509 897 2578 ἐκτιθέναι
918 2508 999 2589 τοὺς
1021 2537 1133 2597 γεινα-

119 2619 242 2704 μένους
277 2619 505 2698 έπιδείξαντας
540 2616 705 2705 πρότερον
745 2619 843 2684 πέντε
864 2614 1024 2706 ’ἀνδράσι
1060 2630 1133 2696 τοϊς

120 2727 253 2809 έγγιστα
281 2727 450 2808 οίκοῦσιν,
482 2721 542 2791 έὰν
573 2722 740 2802 κάκείνοις
768 2726 927 2811 συνδοκῇ.
980 2720 1064 2790 κατὰ
1094 2722 1133 2790 δὲ

192 2923 206 2970 1
226 2919 374 2987 στρατείαν
393 2918 468 2972 ΑΒυ
548 2925 564 2973 3
589 2913 812 2989 ἑκατοντάρχους
830 2918 853 2971 Β
879 2913 1088 2988 ἑκατοντάρχας
1106 2920 1133 2974 R

119 2991 136 3041 5
155 2981 324 3050 ἕκάστονςΒ
344 2983 499 3043 ἕκάστουΑ
514 2988 519 3061 λ
535 2984 648 3061 άναλαμ
667 2983 785 3044 άνεινΑ
798 2985 953 3060 λαμβάνειν
963 2990 1003 3045 B?
1018 2990 1130 3060 Reiske‚

117 3057 258 3145 Kiessling
277 3057 367 3114 Cobet
385 3059 450 3115 obs.
467 3079 495 3131 p.
515 3067 549 3115 43
571 3063 575 3129 Ι
595 3064 644 3131 λοχ
657 3063 757 3127 ζεσθαι
782 3055 854 3115 ἀλλὰ
879 3056 1012 3131 βασιλεδς
1035 3059 1088 3130 μδν
1106 3082 1130 3117 τ.

136 3173 142 3185 .
170 3134 358 3200 παρηγγειλεν
385 3126 466 3197 τάξιν
495 3126 630 3195 ἑκάστους
657 3127 709 3201 τὴν
741 3127 937 3202 προςήκουσαν
965 3128 1131 3204 λαμβάνειν,

117 3150 224 3259 έκεῖνοι
243 3199 275 3256 δὲ
294 3201 416 3257 Sintenis
434 3201 495 3260 Em.
514 3203 595 3258 Dion.
614 3205 641 3258 II
658 3222 686 3273 p.
701 3210 717 3258 6
791 3209 806 3258 ’ί
826 3198 964 3272 δεκάρχαι
982 3204 1008 3258 A
1026 3205 1130 3259 δεκαδ-

117 3271 202 3343 άρχαι
221 3274 252 3342 Β,
278 3289 345 3329 οοιτ.
367 3273 489 3344 Sylburg
560 3280 576 3328 9
597 3269 661 3336 ἑνός
679 3275 751 3329 τεΒ
775 3269 839 3336 ἑνὸς
857 3272 889 3330 δὲ
904 3276 929 3329 R
944 3277 949 3343 Ι
967 3267 1130 3331 *ἅπασαΟ

154 3351 186 3399 11
207 3339 296 3399 τόπον
313 3346 410 3400 om.B
435 3347 440 3413 Ι
466 3339 610 3415 εὐπρεπής
626 3346 673 3400 Ba
754 3352 787 3401 12
806 3345 1005 3416 τεταγμένηΒ
1035 3365 1130 3402 συντε-

117 3414 268 3541 ταχμὲνηιχ
277 3416 378 3556 Ιμοίελχε
395 3418 399 3484 Ι
415 3415 589 3543 κριὲιορμένη.
608 3418 631 3471 Β
704 3421 738 3471 15
757 3415 790 3472 δὲ
809 3433 864 3471 om.
878 3417 904 3471 A
920 3420 923 3486 Ι
940 3412 1130 3488 πολυάνθρω-

119 3506 175 3541 πον
193 3506 223 3541 τε
304 3508 411 3543 τουτον
