2454 3916
552 210 717 263 -B-

128 369 189 440 τὸν
209 370 246 438 δὲ
264 367 408 455 ἀγγελον
428 367 705 456 αὐτομολήσαντα
723 366 807 456 πρὸς
825 367 885 437 τὸν
904 367 1056 457 ἡγεμόνα
1073 376 1141 440 τῶν

128 483 291 563 Σαβίνων
313 475 503 564 κατήγορον
527 477 689 563 γενέσθαι
711 479 779 543 τάν
798 480 857 563 τής
879 482 1044 564 Ταρπείας
1062 483 1142 564 βου-

89 585 313 672 2λευμάτων.
360 586 395 651 οί
421 582 458 651 δὲ
486 584 562 670 περὶ
591 580 652 651 τὸν
686 580 818 668 Φάβιόν
848 608 884 651 τε
912 585 968 651 καί
997 590 1143 671 Κίγκιον

91 691 95 698 ’
129 689 232 760 οὐδὲν
254 696 389 761 τοιοῦτο
413 692 590 777 γεγονέναι
608 691 780 775 λέγουσιν,
803 687 887 757 ἀλλά
911 691 1058 777 φυλάξαι
1080 691 1143 780 τήν

88 824 102 866 σ
128 797 236 886 κόρην
265 801 540 885 διαβεβαιοῦνται
571 794 631 875 τάς
662 795 738 883 περὶ
766 799 825 882 τής
851 800 1035 884 προδοσίας
1063 818 1144 868 συν-

129 903 248 992 θήκας.
293 902 334 973 τά
358 902 389 971 δ’
417 905 490 991 ἑξής
513 900 659 982 ἅπαντες
687 900 788 970 πάλιν
817 899 942 990 δμοίως
963 904 1144 992 γράῳουσι.

129 1012 213 1097 φασὶ
241 1009 305 1100 γὰρ
334 1009 386 1078 ότι
413 1011 692 1098 παραγενομένου
724 1007 788 1078 σὺν
819 1014 865 1101 τῳ
893 1017 1057 1102 κρατίστῳ
1085 1016 1145 1099 τής

131 1121 286 1204 στρατιᾶς
320 1121 411 1205 μέρει
443 1121 521 1186 τοῦ4
537 1119 701 1203 βασιλέως
731 1121 800 1185 τῶν
828 1123 990 1203 Σαβίνων
1013 1118 1192 1204 φυλάτ-ειο

130 1243 237 1294 τουσα
259 1222 317 1303 τάς
339 1222 535 1311 ὑποσχέσεις
562 1222 584 1310 ή
616 1224 763 1311 Τάρπεια
789 1238 860 1303 τοῖς
887 1223 949 1312 μὲν
971 1231 1145 1312 πολεμίοις

91 1358 118 1398 ιο
132 1329 256 1423 ἀνέῳξε
278 1329 341 1418 τήν
361 1332 584 1418 συγκειμένην
602 1332 738 1415 πυλίδα,
752 1328 830 1409 τοὺς
854 1328 885 1397 δ’
907 1334 943 1399 έν
966 1335 1011 1422 τῷ
1030 1339 1143 1425 χωρίῳ

131 1438 284 1527 φόλακας
305 1436 522 1524 ἀναστήσασα
546 1439 731 1523 διαταχέων
753 1435 870 1518 σώζειν
890 1436 1030 1518 ἑαυτοὺς
1047 1438 1144 1526 ήξίου

129 1542 210 1612 καθ’
237 1547 350 1632 ἑτέρας
373 1544 511 1626 ἐξόδους
533 1559 604 1624 τοῖς
626 1549 799 1631 πολεμίοις
819 1541 976 1631 ἀφανεῖς,
1001 1542 1046 1626 ὡς
1067 1574 1143 1616 κατ-

88 1661 109 1725 3
130 1652 277 1739 εχόντων
300 1651 366 1740 ήδη
395 1657 464 1720 τῶν
490 1656 652 1737 Σαβίνων
679 1648 717 1719 τδ
741 1650 922 1738 φρούριον·
956 1654 1144 1740 διαφυγόν-

127 1785 196 1827 των
226 1759 263 1826 δὲ
290 1758 420 1826 τούτων
448 1755 529 1836 τοὺς
557 1756 619 1845 μὲν
646 1761 820 1842 Σαβίνους
846 1755 1061 1850 ἀνεῳγμένας
1091 1759 1143 1830 εὑ·

90 1889 116 1931 ιε
131 1864 254 1953 ρόντας
275 1862 334 1942 τάς
356 1861 463 1943 πύλας
487 1877 663 1949 κατασχεῖν
686 1861 724 1932 τὸ
744 1861 912 1950 φρούριον
932 1869 1057 1953 ἔρημον
1075 1872 1144 1938 τῶν

129 1969 308 2059 φυλάκων,
335 1969 398 2056 τήν
427 1969 465 2037 δὲ
497 1969 664 2057 Τάρπειαν
693 1967 739 2050 ὡς
764 1969 805 2038 τά
832 1968 910 2061 παρ’
937 1972 1056 2060 ἕαυτής
1080 1972 1144 2044 όσα

129 2081 293 2147 συνέθετο
330 2078 586 2163 παρεσχημένην
623 2074 743 2158 ἀξιοῦν
784 2074 863 2156 τοὺς
903 2078 1050 2166 μισθοὺς
1085 2085 1144 2169 τής

128 2188 313 2274 προδοσίας
334 2182 416 2251 κατά
439 2180 519 2262 τοὺς
542 2181 664 2268 ὅρκους
687 2181 879 2270 ἀπολαβεῖν.

176 2300 203 2347 >
219 2292 351 2360 XXXX.
378 2289 517 2358 ’Έπειτα
545 2288 647 2356 πάλιν
677 2285 694 2356 δ
718 2288 780 2376 μέν
803 2295 940 2359 Πείσων
968 2293 1053 2380 φησί
1074 2298 1143 2363 τῶν

88 2423 115 2463 ω
129 2405 294 2486 Σαβίνων
317 2396 378 2467 τὸν
397 2395 524 2485 χρυσὸν
546 2397 689 2483 ἑτοίμων
708 2395 818 2464 όντων
838 2394 973 2466 διδόναι
995 2403 1035 2488 τή
1058 2400 1143 2490 κόρη

127 2504 190 2575 τδν
220 2505 296 2587 περὶ
323 2518 394 2584 τοῖς
421 2502 610 2590 ἀριστεροῖς
637 2509 792 2592 βραχίοσι
819 2502 881 2592 τήν
909 2504 1077 2592 Τάρπειαν
1102 2506 1144 2578 οά

127 2611 189 2681 τὸν
219 2613 348 2699 κόσμον
376 2609 460 2680 ἀλλά
491 2609 570 2691 τοὺς
603 2608 753 2703 θυρεοὺς
780 2609 858 2700 παρ’
885 2609 997 2680 αὐτῶν
1027 2619 1143 2684 αίτεῖν.

134 2724 242 2809 Τατίῳ
267 2717 304 2786 δὲ
321 2717 437 2805 θυμόν
460 2744 496 2786 τε
519 2722 687 2785 εἰσελθεῖν
711 2717 763 2784 ἐπὶ
786 2721 826 2806 τῇ
845 2716 987 2806 έξαπάτη
1008 2720 1064 2788 καί
1088 2728 1143 2790 λο

128 2821 251 2911 γισμὸν
265 2827 326 2892 τοῦ
341 2822 385 2910 μή
399 2828 591 2911 παραβήναι
610 2821 668 2902 τάς
687 2820 876 2910 ὁμολογίας.
909 2822 1005 2904 δόξαι
1024 2824 1055 2892 δ’
1079 2819 1142 2896 οὖν

89 2953 116 2994 εε
132 2928 221 3021 αὐτῷ
256 2933 377 2997 δοῦναι
409 2928 471 3017 μὲν
503 2927 543 2997 τά
576 2927 676 3014 ὅπλα,
710 2927 820 3018 ὥσπερ
852 2925 872 3016 ή
902 2943 980 3009 παῖς
1011 2929 1143 3021 ήξίωσε,

128 3040 268 3122 ποιήσαι
292 3033 324 3103 δ’
347 3033 437 3115 ὅπως
460 3033 574 3116 αὐτοῖς
597 3034 703 3124 μηδὲν
724 3039 875 3122 λαβοῦσα
897 3033 1065 3124 χρήσεται,
1088 3042 1144 3110 καὶ

30 3186 34 3195 ·
128 3140 249 3212 αὐτίκα
283 3142 540 3231 διατεινόμενον
569 3140 614 3223 ὡς
640 3141 783 3230 μάλιστα
811 3141 925 3230 ίσχόος
952 3140 1018 3230 εἶχε
1046 3147 1144 3234 ῥῖψαι

202 3345 266 3393 3τε
286 3339 382 3393 om.B
442 3338 589 3394 4τοιοότο
607 3340 630 3392 Β
649 3340 778 3396 τοιοῦτον
796 3341 822 3394 R
880 3337 957 3394 ’ίέτι
976 3338 1000 3391 Α
1019 3333 1142 3467 <όῚὶτιΒ

130 3417 164 3465 16
190 3405 291 3481 ταπερ’
314 3405 415 3477 ἑαυτῆς
433 3411 459 3464 Α
542 3416 574 3464 17
598 3404 651 3464 ὅσοι
670 3409 809 3466 συνέθετο
833 3411 887 3465 del.
910 3409 1034 3466 Reudler
1075 3414 1140 3471 irotu

127 3497 155 3550 p.
174 3487 208 3536 23
281 3488 315 3536 26
334 3480 444 3552 μηδένα
463 3483 488 3535 Δ
504 3483 508 3550 Ι
525 3477 661 3551 χρήσηται
681 3482 703 3537 0
723 3499 793 3538 corr.
811 3481 940 3538 Meineke
