2454 3916
482 222 648 272 ..Γ-

56 402 126 445 των
154 378 224 444 των
252 377 369 464 ἱερέων
396 373 580 463 ἡγεμονίαν
610 383 754 465 ἔχοντος.
799 376 1112 467 άνακτησάμενοςὸ

58 482 98 550 δέ
129 480 169 550 τά
201 485 526 573 κατερρᾳθυμημένα
557 488 626 553 τῶν
659 489 759 572 ίεροῖν
791 487 847 554 καὶ
873 483 935 554 τὸν
965 484 1072 574 άργὸν

58 588 162 677 ύχλον
191 590 244 657 έπλ
271 588 330 669 τὰς
358 592 447 668 ίδίας
474 593 630 676 ἐργασίας
653 589 850 672 ἀποστείλας
873 591 987 681 ἐπήνει
1011 593 1072 678 μὲν

56 695 137 777 τούς
170 699 334 783 ἐπιμελεῖς
365 697 550 786 γεωργούς,
586 700 748 785 ἐμέμφετο
782 698 820 767 δέ
854 697 934 779 τούς
965 704 1074 779 κακῶς

56 804 325 892 προισταμένους
344 807 413 873 τῶν
437 807 535 872 ἰδίων
556 804 769 895 [κτημάτων],
788 802 833 885 ὡς
857 803 897 879 ού
915 812 1099 893 βεβαίονςε

57 916 205 990 πολίτας.

148 1017 315 1085 XXXVII.
338 1020 448 1085 Ταῦτα
461 1017 709 1106 καθιστάμενος
722 1016 762 1087 τά
776 1019 1000 1106 πολιτεύματα
1017 1022 1073 1088 καὶ

60 1120 146 1208 [δεδι]
160 1119 285 1203 παντὸς
303 1122 446 1210 μάλιστα
465 1126 600 1204 ἐλπίσας
613 1123 698 1194 άνεν
718 1127 867 1213 πολέμου
886 1127 942 1194 καὶ
960 1130 1073 1195 κακῶν

58 1228 191 1299 ἅπαντα
217 1226 278 1298 τὸν
305 1235 384 1316 βίον
411 1231 630 1317 διατελέσειν,
660 1229 770 1320 ὥσπερ
799 1231 816 1301 ὁ
841 1232 1073 1322 μητροπάτωρ,

60 1333 124 1404 ούκ
156 1340 253 1422 έσχεν
286 1333 408 1423 ὁμοίαν
439 1341 478 1426 τή
515 1340 708 1425 προαιρέσει
742 1337 804 1424 τήν
835 1340 956 1426 τύχην,
988 1339 1072 1408 άλλδι
1088 1366 1114 1406 10

58 1439 151 1529 παρὰ
172 1439 234 1529 τήν
258 1444 379 1511 ἑαυτού
407 1442 547 1532 γνώμην
575 1442 774 1531 πολεμιστής
799 1442 997 1532 ἠναγκάσθη
1021 1472 1073 1531 γε-

58 1550 184 1617 νέσθαι
202 1549 258 1616 καὶ
276 1551 405 1636 μηδένα
424 1549 551 1638 χρόνον
568 1548 653 1619 άνεν
671 1549 838 1619 κινδύνου
855 1552 911 1620 καὶ
929 1557 1075 1640 ταραχῆς

59 1657 191 1741 βιῶσαι.
237 1653 343 1736 εὐθὺς
365 1654 429 1744 γάρ
453 1654 522 1744 ἅμα
543 1661 589 1749 τῷ
613 1664 796 1745 παρελθεῖν
815 1655 921 1727 αύτδν
940 1660 993 1727 ἐπὶ
1011 1657 1113 1746 τήν2

46 1757 247 1849 Ιἡγεμονίαν
269 1763 327 1830 καὶ
349 1760 412 1849 τήν
434 1760 634 1852 άπράγμονα
656 1770 885 1832 καθίστασθαι
902 1771 1073 1834 πολιτείαν

59 1867 377 1957 καταφρονήσαντες
409 1867 517 1938 αὐτοῦ
543 1877 686 1939 Λατῖνοι
714 1871 771 1939 καὶ
798 1877 998 1959 νομίσαντες
1027 1870 1071 1940 δι’
1089 1889 1115 1930 15

60 1973 251 2063 άνανδρίαν
289 1973 350 2062 οὐχ
387 1973 505 2043 ίκανδν
542 1975 630 2045 εἶναι
666 1979 832 2065 πολέμους
867 1992 1075 2066 στρατηγεῖν,

59 2080 225 2171 ληστήρια
254 2083 436 2169 διέπεμπον
463 2087 510 2162 είς
541 2081 604 2169 τήν
636 2080 830 2171 δμορούσαν
859 2081 973 2164 αύτοῖς
1003 2087 1076 2153 έκα-

58 2209 136 2258 στοι
167 2186 296 2277 χάραν,
328 2185 388 2275 ὑφ’
419 2180 468 2257 ὧν
499 2191 619 2258 πολλοὶ
651 2187 825 2278 Ῥωμαίων
862 2190 1075 2276 ἐβλάπτοντο.

61 2293 280 2382 ἀφικομένων
303 2295 341 2364 δέ
360 2292 449 2383 παρά
466 2298 528 2364 τοῦ
546 2298 711 2383 βασιλέως
728 2301 942 2386 πρεσβευτῶν
960 2296 1075 2365 καὶτὰ
1094 2297 1115 2361 3

10 2406 181 2470 minusca
199 2399 375 2490 Ῥωμαίοις
385 2400 578 2485 ’άξιούντων
602 2401 738 2490 ύπέχειν
760 2402 843 2472 κατά
865 2401 923 2483 τὰς
946 2402 1076 2490 σννθή-
1089 2419 1117 2461 2⁰

61 2535 134 2594 κας,
157 2506 234 2577 ούτε
251 2509 432 2595 γινώσκειν
449 2509 652 2596 ἐσκήπτοντο
670 2513 740 2579 τάν
758 2511 834 2597 περὶ
852 2508 892 2577 τά
914 2509 1076 2598 ληστήρια

61 2617 365 2704 κατηγορουμένων
395 2613 497 2685 οὐδὲν
533 2614 578 2697 ὡς
608 2614 649 2685 ού
680 2614 761 2704 μετὰ
792 2621 910 2704 κοινῆς
940 2615 1077 2703 γνάμης

60 2720 255 2808 γεγονότων
283 2720 361 2790 ούτε
387 2719 545 2791 ὑπόδικοι
575 2723 780 2810 <γενέσθαι>
803 2721 978 2809 Ῥωμαίοις
1000 2724 1076 2809 περὶ

63 2826 209 2908 οὐθενὸς
230 2827 435 2916 πράγματος·
463 2827 544 2898 οὐδὲ
566 2828 631 2917 γάρ
654 2828 738 2917 πρὸς
766 2831 914 2910 ἐκείνους
936 2829 1075 2918 ποιήσα-

62 2944 147 3003 σθαι
170 2932 228 3015 τάς
245 2935 430 3022 συνθήκας,
453 2933 538 3003 άλλά
555 2934 640 3025 πρὸς
657 2935 799 3023 Τύλλον,
818 2936 1076 3024 τελευτήσαντος
1090 2957 1116 2999 2⁶

137 3126 272 3186 1λεέων
291 3147 314 3188 ο.
330 3130 452 3218 Sylburg
470 3128 591 3200 λερῶνΟ
647 3126 826 3202 ῦκτημάτων
845 3134 936 3187 om.B
991 3127 1075 3187 8διά

63 3200 172 3256 delevit
189 3150 348 3271 Xiessling!
366 3196 401 3271 δὴ
420 3221 547 3264 απαντος
560 3201 662 3259 Reiske
677 3202 683 3275 Ι
698 3204 834 3272 πολεμίου
847 3204 870 3257 Β
926 3210 959 3258 10
974 3198 1077 3272 ὁμοίαν

64 3266 151 3341 αύτήι
169 3273 195 3326 Α
259 3280 292 3328 16
310 3270 451 3343 πολέμους
469 3273 592 3328 θίοῖοηὶε
606 3275 667 3329 Em.
681 3275 763 3331 Dion.
778 3273 819 3328 III
837 3292 863 3343 p.
878 3280 894 3328 3
913 3272 1038 3343 πολέμου
1054 3274 1077 3329 Ο

64 3349 180 3398 21-ῖὸ
206 3345 294 3399 verba
316 3340 381 3399 ούτε
406 3339 660 3413 γινώσκειν-τάς
683 3341 830 3414 συνθήκας
853 3362 908 3400 om.
931 3345 988 3412 Ba,
1012 3345 1076 3399 add„

64 3416 147 3485 Bmg
219 3421 254 3471 23
273 3415 410 3485 γενέσθαι
430 3416 493 3470 add.
511 3415 662 3485 Bficheler‚
689 3414 763 3472 εῖναι
782 3415 916 3485 Sylburg‚
940 3413 1077 3484 γενέσθαι

65 3483 179 3555 ἔφασαν
198 3485 285 3542 Cobet
305 3487 368 3542 obs.
388 3504 416 3556 p.
436 3493 469 3542 69
