2454 3916
520 237 686 287 ..Γ-

97 399 185 462 νοῦν
222 398 350 462 θᾶττον
391 395 608 481 ἐπιφανείσης
645 397 703 479 τῆς
734 390 907 480 Ῥωμαίων
945 394 1112 480 στρατιᾶς,

99 499 174 569 οὐδ’
211 501 377 587 ἐξεγένετο
413 498 491 589 παρ’
528 497 687 588 οὐδεμιᾶς
721 503 791 568 τῶν
826 498 958 568 πόλεων
989 496 1111 585 κοινὴν

98 607 328 694 ἀποσταλῆναι
359 621 430 687 τοῖς
465 614 654 695 Τυρρηνοῖς
690 612 898 694 συμμαχίαν,
928 603 1002 676 ἀλλ’
1037 608 1111 674 έθε-

99 720 220 783 λονταί
243 741 332 795 τινες
359 713 589 802 ἐπεκούρησαν
617 712 732 794 αὐτοῖς
759 712 868 800 ὀλίγοι
897 723 1034 802 μισθοῖς
1056 738 1111 798 με·

98 821 215 907 γάλοις
247 819 463 909 ὑπαχθέντες.
508 822 544 889 ἐκ
576 820 699 908 ταύτης
728 825 788 908 τῆς
819 821 926 910 μάχης
957 791 1147 918 μεγίστηςὲ

98 931 167 995 τῶν
191 928 363 1016 προτέρων
386 930 581 1014 γενομένης,
604 925 688 1006 ὅσας
704 926 788 1016 πρὸς
809 925 977 1015 ἀλλήλους
1000 927 1112 996 έπολέ·
1182 976 1199 991 2

46 1046 233 1121 566μησαν,
255 1031 295 1101 τὰ
318 1034 380 1120 μέν
397 1030 572 1119 Ῥωμαίων
597 1033 778 1120 πράγματα
802 1032 1003 1122 θαυμαστὴν
1027 1030 1112 1118 ὅσην

99 1143 253 1209 ἐπίδοσιν
281 1145 378 1227 ἔλαβε
409 1145 509 1226 νίκην
538 1141 805 1227 ἐξενεγκαμένων
833 1145 1031 1226 καλλίστην,
1057 1139 1112 1206 καί

98 1253 232 1333 βασιλεῖ
260 1253 437 1336 Ταρκυνίῳ
469 1244 532 1333 τὴν
561 1245 814 1336 τροπαιοφόρον
845 1243 982 1334 πομπὴν
1014 1244 1113 1314 κατά-

98 1381 173 1441 γειν
196 1352 218 1440 ἦ
240 1379 275 1421 τε
302 1351 409 1440 βουλὴ
437 1354 494 1420 καὶ
517 1349 535 1421 ὁ
564 1355 671 1439 δῆμος
693 1355 896 1440 ἐψηφίσατο,
918 1351 959 1421 τά
983 1351 1022 1419 δὲ
1043 1355 1112 1420 τῶν
1127 1366 1153 1406 10

104 1464 289 1549 Τυρρηνῶν
322 1464 418 1528 έπεσε
448 1458 649 1547 φρονήματα
684 1458 792 1540 πάσας
828 1458 890 1546 μέν
926 1459 1113 1540 ἐξαποστει-

99 1565 234 1635 λάντων
258 1570 305 1646 είς
331 1564 392 1634 τὸν
415 1562 532 1652 ἀγῶνα
559 1563 619 1645 τὰς
642 1568 675 1648 ἐξ
699 1565 837 1652 ἑκάστης
859 1566 987 1646 πόλεως
1010 1563 1113 1634 δυνά-

100 1699 188 1761 μεις,
212 1669 350 1759 ὀλίγους
376 1675 417 1742 δέ
440 1699 536 1753 τινας
564 1675 601 1741 ἀι
622 1676 757 1742 πολλῶν
780 1672 861 1753 τοὺς
883 1674 1115 1752 διασωθέντας

99 1779 370 1867 ὑποδεξαμένων.
416 1782 451 1848 οί
472 1778 534 1866 μὲν
557 1777 622 1867 γάρ
646 1783 684 1849 έν
705 1783 745 1870 τῇ
768 1780 948 1870 παρατάξει
971 1777 1113 1867 μαχόμε-

99 1914 157 1955 νοι
179 1886 421 1973 κατεκόπησαν,
444 1889 481 1955 οί
501 1884 533 1954 δ’
554 1888 592 1955 ἐν
614 1891 654 1976 τῇ
672 1890 779 1978 τροπῇ
799 1891 1001 1974 δυσχωρίαις
1019 1887 1114 1972 ἐγκυ-
1128 1896 1154 1939 1⁵

101 1993 265 2082 ρήσαντες
307 1989 482 2075 ἀνεξόδοις
525 1993 717 2082 παρέδοσαν
760 2008 831 2074 τοῖς
874 1990 1114 2082 κεκρατηκόσιν

100 2099 250 2180 ἑαυτούς.
300 2098 455 2185 τοιαέατης
482 2101 598 2186 μέντοι
631 2104 808 2187 συμφοράς
836 2101 1054 2188 πειραθέντες
1081 2101 1117 2167 οί
1128 2095 1150 2159 4

101 2206 332 2276 δυνατώτατοι
366 2210 435 2275 τῶν
468 2207 504 2274 έν
536 2219 610 2286 ταῖς
644 2204 783 2273 πόλεσιν
816 2210 916 2293 ἔργον
953 2207 1114 2290 ἐποίησαν

100 2312 297 2401 ἀνθρώπων
324 2316 512 2399 φρονίμων.
558 2312 674 2398 ἑτέραν
702 2307 766 2398 γάρ
793 2307 953 2400 στρατιῶν
981 2308 1030 2378 ἐπ’
1056 2309 1115 2379 αὐ-

101 2419 181 2500 τοὺς
207 2416 427 2505 ἐξαγαγόντος
463 2419 627 2504 βασιλέως
661 2420 853 2504 Ταρκυνίου
888 2419 1116 2504 συναχθέντες
1129 2441 1155 2480 ω

101 2531 151 2606 είς
173 2531 254 2613 μίαν
277 2522 407 2614 ἀγοράν
424 2525 502 2613 περὶ
523 2522 735 2603 καταλύσεως
753 2527 817 2592 τοῦ
833 2525 984 2610 πολέμου
1005 2527 1115 2593 διαλέ-

102 2641 226 2720 γεσθαι
257 2629 341 2718 πρὸς
362 2628 477 2700 ,αὐτὸν
511 2633 719 2719 ἐψηφίσαντο
751 2631 808 2698 καὶ
838 2631 1007 2718 πέμπουσι
1036 2629 1116 2712 τοὺς

102 2737 354 2826 πρεσβυτάτους
375 2737 504 2828 ἀνδρας
525 2739 582 2807 καὶ
599 2736 818 2826 τιμιωτάτους
841 2739 875 2819 ἐξ
898 2735 1036 2827 ἑκάστης
1056 2737 1116 2807 πό-

103 2853 187 2927 λεως
214 2842 462 2934 αὐτοκράτορας
488 2844 723 2928 ἀποδείξαντες
748 2848 817 2913 τῶν
844 2844 920 2933 περὶ
947 2848 1006 2932 τῆς
1027 2845 1116 2933 είρή-

102 2980 165 3040 νης
188 2948 388 3039 ὁμολογιῶν.
1130 2970 1157 3012 2⁵

132 3118 134 3123 .
192 3061 259 3126 LX.
286 3055 322 3126 Ὁ
350 3059 388 3127 δὲ
414 3057 570 3146 βασιλεὺς
595 3057 742 3140 ἀκούσας
768 3056 882 3127 αὐτῶν
911 3056 1021 3127 πολλὰ
1044 3061 1116 3127 δια·

48 3169 299 3253 ὅθιλεχθέντων
328 3163 484 3252 έπαγωγά
510 3164 594 3255 πρὸς
626 3168 803 3234 ἐπιείκειαν
832 3167 888 3234 καὶ
919 3163 1116 3253 μετριότητα

176 3355 323 3418 θεόδέΒ
400 3357 572 3417 3*ἀλλά0
650 3357 852 3431 θάλλήλαςΒ
930 3365 963 3415 13
985 3378 1065 3422 τινας
1084 3357 1116 3415 έκ

102 3434 215 3488 πολλῶν
233 3428 300 3496 τοὺς
319 3432 514 3495 διασωθέντας
532 3434 555 3487 Β
573 3452 653 3495 τινας
670 3429 738 3496 τοὺς
756 3434 781 3487 δ.
797 3428 829 3487 ἐκ
848 3451 876 3486 π.
895 3433 921 3485 R
994 3436 1027 3486 14
1045 3426 1117 3487 ἀπο-

103 3503 271 3575 δεξαμένων
285 3520 307 3560 ο.
324 3504 445 3576 Sylburg
502 3510 534 3559 19
550 3500 684 3574 στρατιάν
703 3497 750 3558 ἐπ’
766 3497 872 3566 αότοός
888 3498 1117 3572 ίξαγαγόντοςΑ
