2454 3916
512 190 678 244 -Α-
1059 188 1102 254 97

84 357 217 443 λέγεται
248 354 410 441 γενέσθαι
439 355 508 420 τῶν
544 352 811 439 συμβησομένων
842 355 883 440 τῇ
912 349 1019 437 πόλει,
1046 352 1103 419 καὶ

46 467 182 532 meam
201 459 313 530 αὐτῶν
332 472 477 548 μνημεῖα
499 459 536 526 ἐν
554 461 594 547 τῇ
614 461 851 527 Λαουϊνιατῶν
870 455 978 548 άγορᾷ
1000 460 1104 545 χαλκᾶ

87 572 213 637 είδωλα
246 570 315 635 τῶν
352 564 445 659 ζῴων
474 568 511 633 ἐκ
541 567 669 633 πολλοῦ
703 563 794 633 πάνυ
833 562 960 651 χρόνου
993 568 1105 651 διατη-

89 674 249 764 ρούμενα.
284 676 311 725 ὗ

179 782 249 848 LX.
268 777 402 866 Ἐπειδὴ
418 778 456 847 δὲ
468 777 720 865 κατεσκευάσθη
732 791 803 857 τοῖς
816 777 949 865 Τρωσὶν
964 774 986 865 ἡ
1000 776 1107 865 πόλις,
1121 796 1134 837 5

90 892 257 974 ἐπιθυμία
288 885 416 967 πάντας
447 896 540 972 ίσχεν
579 883 699 974 ἰσχυρά
736 888 797 967 τοῦ
833 882 912 973 παρ’
951 882 1107 973 άλλιΙλων

89 993 282 1063 ἀπολαῦσαι
311 1001 498 1081 χρησίμου,
525 994 582 1060 καὶ
610 996 645 1060 οί
669 997 819 1079 βασιλεῖς
847 990 959 1060 αὐτῶν
981 996 1109 1081 πρῶτοι

90 1101 237 1190 άρχουσι
260 1102 414 1188 μίξαντες
435 1103 497 1168 τοῦ
519 1125 555 1168 τε
578 1102 759 1188 ἐπιχωρίου
781 1099 838 1168 καὶ
859 1102 922 1168 τοῦ
945 1099 1111 1186 ἐπήλυδος

92 1212 216 1297 γένους
242 1205 304 1293 τὴν
335 1204 474 1289 ἀξίωσιν
504 1207 558 1275 ἐπὶ
586 1214 812 1292 συναλλαγαῖς
833 1205 960 1292 γάμου,
991 1208 1112 1290 δόντος

94 1320 249 1385 Λατίνου
271 1311 332 1400 τιΙυ
347 1315 520 1400 θυγατέρα
535 1316 677 1381 Λαῦναν
691 1316 812 1402 Λίνείμ
825 1325 978 1398 γυναῖκα.
1001 1288 1153 1414 ἐπειταὴῖ

92 1425 152 1494 καὶ
185 1425 221 1491 οί
251 1419 349 1489 άλλοι
380 1418 442 1507 τὴν
472 1418 578 1506 αὐτὴν
608 1433 679 1499 τοῖς
701 1422 898 1505 βασιλεῦσιν
928 1421 1112 1509 ἐπιθυμίαν

94 1529 260 1619 λαβόντες
288 1529 344 1596 καὶ
374 1525 420 1595 δι’
453 1525 571 1613 ὀλίγου
600 1525 691 1594 πάνυ
718 1525 847 1614 χρόνου
874 1529 1114 1618 συνενεγκάμε-

96 1666 154 1708 υοι
177 1642 242 1724 ἐθη
264 1637 321 1704 καὶ
342 1634 471 1721 νόμους
492 1635 549 1702 καὶ
572 1637 665 1702 θεῶν
690 1632 774 1721 ίερά,
797 1637 934 1720 κηδείας
955 1661 990 1704 τε
1013 1637 1116 1706 συνά-

96 1760 224 1828 ψαυτες
255 1740 413 1829 ἀλληλοις
444 1741 501 1808 καὶ
536 1746 732 1821 κοινωνίαις
767 1745 923 1830 πολέμωυ
955 1741 1116 1835 άνακερά-

98 1855 256 1936 σθίντες,
289 1852 325 1917 οί
354 1848 543 1936 σύμπαντες
572 1851 672 1935 κοινῇ
701 1846 867 1939 ὀνομασίᾳ
889 1853 1117 1942 προσαγορείι
1132 1881 1158 1922 15

98 1985 195 2039 οντες
233 1953 372 2036 ἑαυτοὺς
407 1952 472 2023 άπὸ
510 1958 571 2023 τοῦ
604 1955 767 2040 βασιλέως
798 1959 867 2025 τῶν
896 1955 1117 2048 Ἀβοριγίνων

98 2071 288 2149 Λατίνους,
320 2060 407 2132 οὕτω
437 2066 581 2149 βεβαίως
612 2065 749 2148 ἔμειναν
773 2064 826 2130 ἐπὶ
853 2079 924 2144 τοῖς
947 2071 1118 2156 συγκειμέ-

99 2201 192 2259 νοις,
226 2167 303 2239 άσί
339 2166 451 2247 οὐδεὶς
482 2165 606 2247 αὐτοὺς
638 2172 686 2236 ἐτι
717 2167 846 2257 χρόνος
872 2169 929 2239 ἄπ’
962 2170 1119 2261 άλλιΙλων

101 2284 267 2366 διέστησε.
1135 2281 1155 2345 3

174 2384 223 2456 Τδι
246 2383 308 2473 μὲν
332 2381 375 2470 δὴ
389 2381 603 2451 συνελθόντα
616 2387 703 2469 ἔθνη
721 2383 778 2451 καὶ
791 2385 1028 2473 κοινωσάμενα
1041 2385 1121 2488 τρδς
1134 2413 1161 2452 ιο

101 2501 217 2582 βίους,
248 2495 280 2575 ἐξ
311 2482 361 2560 ὧν
391 2488 428 2559 τὸ
454 2487 627 2577 Ῥωμαίων
655 2492 755 2576 γένος
782 2488 948 2578 ὥρμηται,
975 2493 1055 2581 πρὶν
1078 2491 1121 2581 ἣν

102 2605 170 2672 νῦν
191 2605 329 2687 ἔχουσιν
344 2599 540 2683 οἰκισθῆναι
552 2596 665 2684 πόλιν,
678 2596 783 2665 ταῦτά
797 2599 904 2666 ἐστιν·
919 2597 1124 2687 ’Λβοριγϊνες

57 2709 172 2800 ιδεμέν
196 2709 343 2794 πρῶτον,
368 2709 403 2772 οἳ
418 2702 583 2784 Σικελοὺς
602 2706 826 2791 ἐξανέστησαν
850 2707 886 2774 ἐκ
907 2705 1038 2776 τούτων
1055 2713 1123 2777 τῶν

104 2819 253 2906 χωρίων,
266 2809 428 2895 Ἕλληνες
451 2808 546 2889 όντες
569 2807 608 2878 τὸ
632 2807 773 2898 άρχαϊον
797 2814 834 2881 ἐκ
856 2815 1125 2902 Πελοποννήσου

178 2969 346 3041 2*χάλκεα
370 2969 392 3025 Ο
474 2975 490 3024 5
514 2964 723 3025 κατεσκεύαστο
747 2988 770 3026 ο.
789 2971 932 3044 Kiessling
1013 2977 1127 3046 δίσχεν

106 3040 210 3118 ἰσχυρά
230 3045 277 3099 Bb
306 3037 404 3113 ἰσχυρά
423 3042 469 3096 Ba
493 3042 564 3111 ίσχει
577 3042 603 3095 Α
625 3043 628 3109 Ι
651 3039 732 3112 ἔσχεν
750 3062 800 3098 του
819 3045 935 3117 Madvig
952 3048 1023 3103 Adv.
1042 3048 1126 3103 1725

145 3125 180 3173 10
203 3111 313 3170 λαόναν
332 3113 408 3168 ΑΒο
434 3114 583 3167 λαουινίαν
601 3112 648 3167 Bb
727 3118 759 3167 11
780 3109 938 3187 ἐπιθυμίαν
966 3124 1025 3180 τοῖς
1048 3120 1125 3188 βασι·

107 3186 226 3245 λεῦσιΒ
290 3191 323 3240 12
343 3180 581 3254 συνενεγκάμενοι
598 3183 621 3236 Β
641 3182 909 3258 συνδιενεγκάμενοι
922 3190 948 3243 R
1006 3194 1039 3243 13
1060 3186 1128 3258 ἔθη-

107 3279 166 3317 καν
185 3258 240 3314 ΑΒ
265 3259 270 3325 Ι
294 3275 324 3311 τε
344 3255 407 3310 add.
427 3253 578 3324 Kiessfing,
602 3271 656 3310 om.
677 3254 699 3309 O
782 3263 816 3311 14
835 3261 997 3322 κοινωνίαις
1019 3260 1042 3311 Β
1069 3278 1129 3312 κοι-

107 3332 217 3392 νωνίας
234 3329 261 3383 R
276 3330 280 3397 Ι
296 3325 426 3398 πολέμων
444 3327 490 3381 Bb
508 3321 618 3381 πόλεων
636 3327 683 3380 Ba
700 3322 809 3391 πόλεως
827 3331 853 3383 Α
908 3337 940 3385 15
960 3328 990 3385 οἱ
1006 3328 1129 3383 Sintenis

109 3403 173 3459 Em.
191 3400 276 3455 Dion.
294 3400 321 3454 Π
339 3403 399 3468 μῦ
427 3417 457 3453 τε
477 3395 547 3453 οίΟ
572 3397 654 3469 κοινῇ
674 3415 696 3453 ο.
716 3398 854 3454 ΒθοΙιεΙετ
878 3402 882 3470 Ι
907 3401 988 3472 κοινῇ
1008 3398 1130 3454 Sintenis

110 3473 168 3530 l.l.
192 3471 243 3526 καὶ
265 3471 291 3525 R
313 3470 408 3524 om.B
482 3475 515 3524 16
534 3463 640 3530 αὐτοὺς
657 3469 683 3522 Α
755 3475 789 3524 21
808 3466 960 3541 δρμητοΒ

166 3579 268 3620 onm.
282 3577 347 3618 Ha.
359 3578 378 3618 L
392 3588 432 3619 nn.
444 3577 547 3619 σιοουτ.
954 3564 969 3613 7
