2454 3916
569 242 733 295 „B-

146 418 203 468 σιν
225 395 246 487 ἢ
270 399 390 469 άθικον
414 399 594 481 ἀπόλειψιν
618 399 695 469 οὔτε
713 400 789 488 περὶ
807 398 946 488 προικός
965 397 1161 481 ἀποδόσεως

145 500 166 592 ἢ
189 509 330 594 κομιδῆς
356 504 485 594 νόμους
511 507 587 586 θεὶς
615 505 691 575 ούτε
718 505 802 575 άλλο
825 510 893 575 τῶν
916 511 1161 595 παραπλησίων

144 612 276 693 τούτοις
308 617 461 702 διορίσας
493 610 567 681 οὐθ’
599 611 730 700 ὁτιοῦν,
768 615 827 682 ἕνα
865 612 903 681 δὲ
934 613 1043 700 νόμον
1075 611 1160 702 ὑπὲρ

145 717 302 790 ἁπάντων
326 713 365 790 εὖ
389 727 518 808 ἔχοντα,
542 719 588 801 ὥς
615 718 700 789 αύτόι
721 719 762 794 τά
785 725 866 809 ἔργα
889 719 1047 808 ἐδήλωσε,
1061 747 1162 790 κατα-
1180 715 1197 722 ’

103 851 119 893 5
145 827 354 916 στησάμενος
384 833 432 909 είς
458 828 687 916 σωφροσύνην
723 829 779 896 καὶ
815 826 944 914 πολλὴν
977 825 1161 915 εὐκοσμίαν

104 933 126 998 2
144 934 249 1022 ἤγαγε
266 934 326 1015 τάς
344 949 515 1022 γυναῖκας.
550 927 594 1023 ἦν
616 934 654 1003 δὲ
674 933 804 1014 τοιόςθε
829 932 847 1002 ό
869 933 988 1021 νόμος·
1014 948 1162 1020 γυναῖκα

144 1039 290 1129 γαμετὴν
313 1040 375 1128 την
398 1067 481 1110 κατα
504 1041 634 1129 γάμους
656 1039 769 1130 ίερούς
795 1043 1034 1109 συνελθοῦσαν
1057 1037 1161 1129 άνδρλ

144 1145 313 1216 κοινωνὸν
333 1145 493 1215 ἁπάντων
512 1144 599 1215 εἶναι
617 1145 797 1238 χρημάτων
815 1173 850 1216 τε
868 1147 924 1214 καὶ
944 1149 1054 1234 ίεροὸν.
1083 1146 1220 1215 ἑκά-288

144 1260 229 1322 λουν
253 1254 291 1323 δὲ
313 1253 392 1334 τούς
415 1253 527 1343 ίεροὺς
549 1255 605 1322 καὶ
627 1258 793 1342 νομίμους
816 1257 852 1322 οῖ
871 1254 1009 1323 παλαιοὶ
1030 1253 1161 1342 νόμους

104 1358 304 1450 ιοῬωμαῖκῇ
341 1367 550 1452 προσηγορίᾳ
588 1359 893 1450 περιλαμβάνοντες
933 1366 1161 1448 φαρραχείους

145 1468 198 1535 ἐπὶ
220 1472 279 1555 τῆς
297 1474 479 1549 κοινωνίας
496 1472 557 1536 τοῦ
571 1467 711 1557 φαρρός,
736 1464 754 1536 ὃ
772 1471 942 1555 καλοῦμεν
960 1464 1057 1554 ἡμεῖς
1075 1469 1159 1550 ζέαν.

144 1571 228 1660 αὕτη
252 1573 315 1662 γὰρ
338 1567 383 1661 ἦν
407 1573 529 1663 άρχαία
551 1574 607 1642 καὶ
630 1576 725 1662 μέχρι
747 1577 875 1642 πολλοῦ
899 1573 1055 1661 συνήθης
1077 1572 1159 1643 ἅττα·
1202 1592 1205 1597 ’

144 1699 201 1749 σιν
229 1678 395 1769 αὐτοῖςη
428 1679 552 1768 τροφή·
584 1682 679 1768 φέρει
707 1680 745 1748 δὲ
773 1680 902 1767 πολλὴν
928 1680 985 1748 καὶ
1006 1679 1158 1769 καλὴνὴ

139 1783 313 1874 Ῥωμαίων
336 1792 378 1874 γῆ
401 1789 477 1875 [την
497 1790 596 1872 ζέαν].
638 1787 693 1854 καὶ
713 1784 823 1874 ὥσπερ
841 1783 956 1874 (ἡμεῖς
972 1790 1027 1874 οί>
1040 1785 1159 1876 Ἕλλη-

104 1915 131 1956 15
144 1919 201 1972 νες
222 1891 285 1961 τὸν
308 1899 467 1981 κρίθινον
490 1892 621 1981 καρπὸν
650 1891 871 1980 ἀρχαιότατον
898 1890 1159 1981 ὑπολαμβάνον-

143 2025 196 2079 τες
219 1999 364 2069 ἐπὶτῶν
387 2004 521 2068 θυσιῶν
549 2009 685 2086 κριθαῖς
711 1999 947 2088 καταρχόμεθα
975 1999 1079 2082 ούλόις
1100 2000 1159 2071 αύ-

143 2103 203 2186 τάς
229 2110 424 2192 καλοῦντες,
453 2105 539 2175 οὕτω
560 2104 716 2194 Ῥωμαῖοι
745 2105 947 2195 τιμιιότατόν
970 2133 1005 2176 τε
1027 2107 1159 2197 καρπὸν

143 2212 199 2280 καὶ
221 2209 444 2299 ἀρχαιότατον
467 2210 555 2280 είναι
573 2218 766 2300 νομίζοντες
782 2210 842 2293 τάς
861 2215 932 2294 ζέας
951 2211 1008 2281 διά
1026 2206 1159 2284 τούτων
1191 2216 1198 2231 ’

144 2315 273 2406 ἁπάσης
296 2317 447 2408 ἐμπύρου
469 2325 594 2399 θυσίας
615 2318 848 2409 κατάρχονται.
894 2321 987 2407 μένει
1016 2318 1082 2410 γάρ
1111 2326 1159 2390 ἔτι

102 2427 200 2494 εοκαλ
224 2424 265 2495 ού
288 2427 539 2513 μεταπέπτωκεν
566 2431 614 2507 είς
641 2429 920 2512 πολυτελεστέρας
942 2424 1094 2514 άπαρχάς
1116 2425 1205 2496 τὸῖ89

102 2528 124 2592 3
145 2537 233 2613 ἔθος.
278 2535 316 2603 τό
342 2531 384 2622 δὴ
406 2533 594 2614 κοινωνοὺς
616 2537 675 2621 τῆς
698 2533 876 2622 ίερωτάτης
898 2560 934 2603 τε
951 2534 1008 2601 καὶ
1025 2533 1160 2623 πραότης

143 2643 272 2728 τροφῆς
298 2641 458 2725 γενέσθαι
487 2653 650 2726 γυναῖκας
676 2637 823 2727 άνθράσι
854 2639 910 2708 καὶ
943 2641 997 2709 ἐπὶ
1023 2644 1065 2729 τῇ
1096 2639 1159 2731 ὅλη

143 2753 325 2814 συνελθεῖν
347 2744 430 2834 τύχη
453 2743 515 2833 τὴν
539 2745 601 2833 μὲν
624 2748 799 2832 ἐπίκλησιν
821 2750 880 2833 της
896 2751 1080 2827 κοινωνίας
1096 2753 1159 2817 τού

215 2935 338 3010 3νόμον
361 2940 504 3010 Kiessling
531 2938 661 3029 μόνονΟ
742 2946 758 2997 5
783 2939 823 3004 είς
846 2936 1028 3011 εύφροσύνην
1052 2943 1157 3012 μᾶλλον

143 3007 176 3066 δὲ
200 3007 387 3097 σωφροσύνην
409 3031 435 3066 κ.
454 3029 483 3066 π.
508 3014 662 3082 ενκοσμίαν
684 3014 707 3067 Β
735 3010 777 3074 είς
800 3007 955 3083 εύκοσμίαν
978 3012 1027 3067 καί
1050 3009 1157 3082 πολλὴν

142 3094 329 3151 σωφροσυνην
355 3084 381 3138 R
462 3083 680 3151 6χνναῖκαςΒ
712 3079 836 3153 γαμετάς
862 3085 888 3139 R
969 3078 1111 3154 ’ίνόμονς
1134 3085 1156 3140 0

142 3148 252 3224 γάμους
276 3153 399 3209 Sintenis
422 3154 483 3209 Em.
502 3154 584 3209 Dion.
603 3154 616 3207 Ι
640 3172 668 3224 p.
688 3160 722 3210 26
795 3161 811 3209 9
830 3155 880 3209 καὶ
898 3155 1035 3226 νομίμους
1057 3170 1112 3211 om.
1132 3156 1157 3210 A

144 3229 178 3279 10
197 3226 373 3294 φαρραχίους
392 3227 416 3279 Α
434 3224 685 3295 φαρραχχείουςΒ
758 3231 791 3280 11
811 3221 921 3296 φάρρος
939 3226 988 3280 ΑΒ
1068 3231 1102 3282 12
1119 3217 1157 3295 ἦν

142 3312 197 3352 om.
217 3298 241 3349 A
314 3302 348 3350 14
366 3292 419 3364 τὴν
438 3293 505 3361 ζέαν
524 3296 578 3351 del.
592 3297 715 3353 Rendler
730 3295 820 3351 Τὶεοο.
834 3314 862 3366 p.
877 3303 911 3352 22
929 3298 933 3365 Ι
948 3290 1032 3368 ἡμεῖς
1049 3293 1080 3352 os
1092 3297 1155 3352 add.

142 3367 248 3423 Reiske'
317 3373 351 3422 16
371 3361 458 3429 ούλόις
476 3362 586 3429 Βόλάς
604 3369 630 3422 R
702 3373 735 3422 17
755 3369 871 3457 καρπόν
889 3367 961 3422 ABa
978 3364 1091 3438 καρπὸν
1109 3369 1156 3424 Bb

144 3444 177 3493 19
197 3438 238 3494 ἔτι
257 3437 307 3492 καὶ
324 3438 378 3492 νύν
397 3437 446 3492 καὶ
465 3434 499 3492 ού
519 3456 542 3494 ο.
561 3438 665 3494 Reieke
737 3443 772 3493 20
791 3436 923 3509 αρχάςΟ
996 3444 1031 3494 22
1050 3440 1085 3509 τῇ
1104 3432 1156 3511 ὅλη

141 3508 244 3564 Reiske
263 3510 349 3581 πολλῇ
370 3511 393 3565 O
412 3504 488 3580 πάση
509 3526 532 3563 ο.
553 3509 733 3565 Casaubonus
