2454 3916
526 221 690 275 -B-

94 380 175 452 ούτε
200 380 365 471 ἀρχεσθαι
384 379 575 467 ἀναίνομαι.
611 384 717 466 τιμάν
741 382 789 466 δέ,
808 377 847 462 ἀς
865 406 923 468 μοι
945 380 1112 469 προσεθή-

91 514 175 557 κατε
203 486 353 576 ἡγεμόνα
381 513 421 575 με
448 491 583 577 πρῶτον
611 485 844 569 ἀποδείξαντες
868 491 927 575 τῆς
949 485 1112 573 ἀποικίας,

95 601 209 664 ἔπειτα
231 595 288 663 καὶ
311 600 350 684 τή
374 594 468 663 πόλει
493 593 555 682 τήν
579 597 774 680 ἐπωνυμίαν
803 591 852 662 ἐπ’
879 596 961 681 ἐμοῦ
984 595 1113 680 θέντες,

94 699 172 782 ἀλις
196 707 268 790 ἔχω.
313 701 435 781 ταύτας
462 701 527 791 γάρ
556 699 632 771 οὔτε
660 701 804 788 πόλεμος
832 699 1013 789 ὑπερόριος
1036 699 1114 768 οάτε

97 807 215 888 στάσις
237 806 399 894 ἐμφύλιος
418 806 494 876 ούτε
514 805 531 876 ὁ
551 806 659 875 πάντα
678 814 854 896 μαραίνων
872 805 912 874 τά
933 805 1019 875 καλά
1037 806 1113 894 χρό-
1140 834 1153 876 ε

96 941 160 994 νος
183 911 409 1001 ἀφαιρήσεταί
424 939 464 1001 με
489 911 566 981 ούτε
588 911 671 1000 άλλη
695 912 778 1001 τύχη
797 919 995 1000 παλίγκοτος
1019 909 1113 981 ου’δε-

98 1027 173 1108 μία·
205 1017 291 1088 ἀλλά
317 1020 373 1088 καὶ
397 1022 495 1101 ζάντι
521 1018 659 1088 καὶτὸν
687 1024 764 1106 βίον
794 1019 961 1088 ἐκλιπόντι
983 1019 1114 1089 τούτων

95 1125 239 1216 ὑπάρξει
262 1152 320 1213 μοι
337 1131 406 1195 τῶν
424 1131 530 1214 τιμῶν
552 1126 641 1215 παρὰ
660 1126 769 1194 πάντα
787 1126 848 1196 τὸν
867 1124 987 1196 λοιπὸν
1006 1132 1114 1197 αίτὸυα

93 1231 285 1321 τυγχάνειν.

187 1341 265 1408 IIII.
310 1343 457 1407 Τοιαῦτα
485 1340 547 1427 μὲν
575 1336 592 1408 ὁ
616 1337 785 1427 Ῥωμύλος
816 1341 852 1408 έκ
881 1343 1021 1427 διδαχῆς
1051 1343 1114 1408 τοῦ
1128 1365 1154 1406 το

98 1443 366 1536 μητροπάτορος,
395 1442 505 1532 ὥσπερ
530 1451 631 1534 ἔφην,
660 1444 962 1534 ἀπομνημονεύσας
986 1447 1115 1527 ἐντοῖς

98 1552 267 1641 πλήθεσιν
300 1555 417 1634 ἔλεξεν.
473 1555 510 1620 οί
539 1553 576 1621 δέ
609 1552 876 1639 βουλευσάμενοι
911 1552 993 1620 κατὰ
1027 1557 1115 1638 σφᾶς

50 1655 228 1740 ιμαύτούς
259 1661 499 1747 ἀποκρίνονται
534 1657 664 1728 τοιάδε·
701 1657 814 1747 Ἡμεῖς
849 1665 1016 1740 πολιτείας
1052 1658 1114 1746 μέν

99 1769 220 1853 καινῆς
252 1762 354 1834 οὐδὲν
392 1763 555 1854 δεόμεθα,
582 1762 654 1853 1τήν
691 1765 723 1833 δ’
753 1763 818 1834 ὑπὸ
856 1770 924 1835 τάν
961 1767 1113 1854 πατέρων

101 1876 367 1961 δοκιμασθεῖσαν
396 1870 484 1942 εἶναι
511 1880 691 1960 κρατίστην
717 1872 968 1962 παραλαβόντες
993 1871 1035 1942 ού
1059 1899 1114 1960 με·
1128 1895 1154 1937 τε

99 1980 307 2066 τατιθέμεθα
342 1980 458 2068 γνώμη
499 2005 534 2047 τε
576 1979 734 2067 ἑπόμενοι
770 1984 838 2049 τῶν
873 1981 1114 2069 παλαιοτέρων,

100 2083 161 2166 ούς
194 2081 260 2154 ἀπὸ
293 2091 444 2173 μείζονος
477 2085 621 2173 οἰόμεθα
651 2086 850 2176 φρονήσεως
882 2084 987 2173 αὐτὴν
1018 2111 1114 2154 κατα-

101 2191 303 2279 στήσασθαι,
321 2193 378 2260 καί
397 2192 480 2282 τύχη
500 2191 728 2282 ἀρεσκόμενοι.
769 2192 811 2263 ού
829 2192 893 2283 γάρ
914 2193 1017 2280 τήνδε
1035 2219 1115 2280 μεμ

100 2294 242 2387 ψαίμεθ’
268 2294 312 2366 ἀν
335 2299 480 2386 εἰκότως,
503 2295 524 2387 ἣ
548 2301 712 2386 παρέσχεν
737 2297 819 2387 ήμϊν
840 2299 1116 2386 βασιλευομένοις
1155 2358 1165 2376 x

98 2403 139 2473 τά
169 2407 308 2493 μέγιστα
337 2408 405 2474 τῶν
438 2409 474 2475 ἐν
505 2404 700 2494 ἀνθρώποις
731 2404 884 2493 ἀγαθῶν,
917 2407 1115 2493 ἐλευθερίαν
1129 2427 1156 2467 ιο

98 2512 220 2594 τεκαὶ
247 2509 360 2580 άλλων
387 2510 504 2602 ἀρχήν.
554 2513 629 2600 περὶ
657 2513 719 2597 μὲν
747 2509 789 2600 δή
816 2516 984 2591 πολιτείας
1011 2513 1154 2587 ταύτα2

101 2617 306 2706 έγνοόκαμεν
329 2616 391 2704 τήν
411 2619 448 2687 δέ
470 2617 570 2707 τιμήν
590 2618 716 2706 ταύτην
736 2617 798 2707 οὐχ
821 2619 920 2712 ἕτέρφ
943 2619 1011 2686 τινὶ
1034 2621 1114 2705 μάλ-

100 2732 162 2793 λον
186 2719 207 2812 ἢ
232 2725 287 2793 σοὶ
309 2724 490 2814 προσήκειν
509 2723 792 2813 ὑπολαμβάνομεν
810 2728 873 2794 τοῦ
889 2752 925 2794 τε
942 2730 1116 2812 βασιλείου

101 2832 222 2917 γόνους
246 2833 342 2899 ἕνεκα
359 2833 415 2901 καὶ
438 2831 567 2921 ἀρετῆς,
589 2832 730 2920 μάλιστα
755 2831 787 2900 δ’
810 2830 861 2901 ὅτι
879 2835 938 2919 τῆς
961 2829 1116 2912 ἀποικίας

102 2934 242 3026 ἡγεμόνι
269 2937 460 3026 κεχρήμεθά
489 2959 544 3007 σοι
574 2940 630 3007 καὶ
657 2938 787 3027 πολλὴν
814 2944 976 3027 συνίσμεν
1005 2940 1115 3008 δεινό-
1129 2977 1155 3020 2⁶

103 3071 193 3131 τητα,
216 3042 346 3131 πολλήν
370 3046 408 3114 δέ
431 3052 567 3134 σοφίαν,
592 3045 633 3115 ού
651 3045 741 3137 λόγῳ
761 3050 890 3133 μάλλον
910 3042 929 3133 ή
950 3051 1036 3138 ἐργφ
1055 3074 1115 3134 μα-

104 3150 231 3232 θόντες.
275 3154 381 3220 ταῦτα
404 3151 422 3221 ὁ
442 3151 611 3240 Ῥωμύλος
634 3151 784 3232 ἀκούσας
807 3151 941 3240 ἀγαπᾶν
964 3153 1026 3241 μὲν
1050 3157 1114 3240 ἔφη

117 3353 189 3430 Η2
208 3365 242 3416 με
262 3346 365 3402 Βωίελῐο
377 3345 474 3435 μένῡ
530 3353 563 3404 15
582 3345 812 3421 ὑπολαβόντεςο.
828 3349 970 3431 Κίοεελὶυς
1025 3352 1057 3399 17
1078 3341 1115 3407 ὡς

111 3434 171 3554 ἔχει
181 3417 213 3543 (χ
230 3421 234 3488 Ι
260 3423 490 3487 καταστήσεσθαι
514 3420 537 3475 0
601 3427 636 3475 25
654 3418 760 3488 πολλὴν
779 3417 831 3490 μὲν
850 3435 873 3473 ο.
893 3418 1001 3472 Gnmm
1017 3418 1022 3484 Ι
1038 3417 1114 3470 συνί-
