2454 3916
127 230 170 296 82
553 233 718 286 -A-

125 397 200 469 κίας
221 391 277 459 καὶ
302 389 365 459 σύν
389 389 478 484 αὐτῷ
502 417 591 472 τινες
609 396 677 460 τῦν
702 399 813 479 φίλων
835 392 1020 481 ὑπέμειναν
1043 397 1081 463 ἐν
1097 401 1144 488 τῷ

127 610 292 685 Σικελίας.
322 605 445 691 ταύτης
462 603 650 693 ὑπομνήσει
672 608 732 692 τής
754 605 945 695 εὐεργεσίας
964 607 1145 696 Ἀκαρνᾶσι

121 711 279 800 Ῥωμαῖοι
294 711 453 781 Λευκάδα
475 713 531 780 καὶ
551 711 769 801 Ἀνακτόριον
791 712 996 802 ἀφελόμενοι
1017 721 1145 802 Κοριν-

100 824 228 898 salove
255 816 320 886 άνδι
348 818 474 907 χρόνον
502 821 701 908 ἐχαρίσαντο
729 819 892 900 Οἰνιάδας
917 846 954 889 τε
980 819 1145 890 άποκατα-

127 929 247 1011 στήσαι
289 927 511 1012 βουλομένοις
551 927 736 1015 ἐπέτρεψαν
776 929 832 997 καὶ
871 926 930 1007 τάς
968 925 1146 1014 Ἐχινάδας

87 1025 255 1118 3νήσους
276 1035 492 1120 καρποῦσθαι
514 1035 612 1121 κοινή
641 1031 715 1121 μετ’
741 1038 904 1103 Αίτωλῦν
929 1037 1068 1104 ἔδωκαν.
1111 1039 1147 1104 οί

127 1137 165 1206 δὲ
189 1136 253 1207 σὺν
268 1145 388 1229 Αίνείηι
410 1138 632 1227 ποιησάμενοι
654 1138 717 1228 τήν
740 1138 908 1228 ἀπόβασιν
931 1139 973 1209 οῦ
995 1139 1077 1209 καθ’
1106 1146 1144 1211 ἓν

127 1250 252 1332 χωρίον
275 1249 335 1333 τής
360 1244 517 1333 Ἰταλίας,
547 1244 632 1315 άλλά
660 1261 734 1327 ταῖς
761 1247 823 1335 μὲν
849 1254 1019 1328 πλείσταις
1040 1251 1145 1318 ναυσί

89 1371 115 1412 10
126 1349 211 1440 πρὸς
239 1350 346 1440 άκραν
371 1351 542 1438 Ἰαπυγίας
570 1351 807 1441 ὁρμισάμενοι,
836 1350 857 1441 ή
884 1353 960 1422 τότε
982 1361 1144 1425 Σαλεντῖ-

93 1429 100 1557 ή
125 1483 186 1537 νος
208 1459 349 1544 ἐλέγετο,
369 1473 443 1538 ταῖς
457 1458 495 1527 δὲ
508 1467 641 1540 λοιπαῖς
663 1457 746 1527 κατὰ
764 1458 802 1528 τὸ
816 1459 1028 1548 καλούμενον
1039 1459 1188 1550 Ἀθή-Ῑε]

93 1560 100 1699 ή
126 1590 249 1650 ναιον,
287 1568 373 1633 ἔνθα
409 1566 466 1633 καὶ
503 1563 604 1645 αύτὸς
635 1569 774 1645 Αίνείας
809 1564 991 1653 ἐτύγχανεν
1028 1569 1145 1656 ἐπιβάς

122 1669 264 1750 Ἰταλίας
297 1672 415 1760 (τοῦτο
446 1671 484 1740 δὲ
511 1671 548 1741 τὸ
577 1677 702 1760 χωρίον
733 1671 824 1740 ἐστὶν
853 1671 1064 1763 ἀκρωτήριον
1087 1678 1144 1746 καὶ

126 1775 176 1845 έπ’
202 1775 291 1869 αύτῷ
319 1776 459 1868 θερινὸς
482 1777 600 1867 ὅρμος,
629 1775 667 1858 ὃς
690 1781 723 1860 ἐξ
747 1780 880 1847 ἐκείνου
901 1771 1003 1868 λιμήν
1024 1781 1145 1872 Ἀφρο

87 1899 113 1941 16
128 1887 221 1971 δίτης
246 1885 425 1974 καλεῖται),
446 1888 681 1975 παρέπλευσαν
705 1884 783 1974 άχρι
809 1891 970 1976 πορθμοῦ
997 1890 1055 1958 διά
1077 1917 1144 1978 χει-

127 1988 186 2080 ρὸς
214 1996 346 2078 ἔχοντες
370 1991 531 2079 Ἰταλίαν,
560 2002 635 2080 ίχυη
663 1991 740 2061 τινά
764 1991 830 2060 κάν
856 1993 990 2075 τούτοις
1011 1995 1145 2067 ῦπολει-

125 2097 268 2185 πόμενοι
291 2114 362 2178 τοῖς
383 2099 499 2178 τόποις
521 2104 580 2186 τής
602 2098 748 2187 άφίξεως
770 2099 856 2169 άλλα
877 2127 913 2170 τε
935 2103 992 2170 καὶ
1014 2104 1144 2193 φιάλην

125 2210 253 2294 χαλκῆν
283 2207 321 2274 έν
343 2204 449 2295 Ἥρας
478 2210 556 2300 ίερῷ
587 2211 701 2296 γραφή
734 2210 906 2295 δηλοῦσαν
929 2207 1053 2302 άρχαίηι
1081 2215 1144 2280 τοῦ

127 2315 372 2403 δωρησαμένου
393 2317 434 2403 τῇ
456 2318 527 2406 θεῷ
551 2318 693 2382 Αίνείου
715 2313 875 2402 τοῦνομα.

85 2454 112 2494 ²⁰
215 2441 285 2507 LII.
322 2437 507 2526 Γενόμενοι
537 2438 575 2507 δὲ
601 2437 685 2506 κατά
715 2444 893 2527 Σικελίαν,
926 2449 991 2508 είτε
1022 2440 1143 2534 γνώμη

124 2544 329 2632 χρησάμενοι
360 2548 440 2634 τήδε
478 2542 685 2633 ὁρμίσασθαι
718 2554 782 2614 είτε
817 2545 873 2614 καὶ
909 2543 971 2614 ὑπ’
1006 2545 1142 2636 άνίμων

125 2655 286 2737 πονηρῶν
309 2652 522 2737 βιασθέντες,
549 2648 571 2718 ά
595 2649 637 2737 δή
666 2658 760 2738 φιλεῖ
784 2652 860 2738 περὶ
882 2649 944 2739 τήν
967 2652 1142 2725 θάλατταν

125 2756 227 2842 τήνδε
249 2762 418 2842 γίνεσθαι,
440 2756 642 2842 κατάγονται
664 2760 723 2845 τής
736 2755 845 2844 νήσου
858 2760 935 2846 περὶ
956 2758 998 2828 τά
1019 2761 1141 2832 καλού-

126 2889 211 2951 μενα
235 2863 414 2951 Δρέπανα·
447 2868 533 2931 ἔνθα
561 2863 841 2956 περιτυγχάνουσι
864 2879 935 2945 τοϊς
962 2864 1027 2935 σῦν
1047 2867 1142 2938 Ἐλύ-

198 3083 213 3130 1
234 3072 265 3130 έν
283 3076 321 3130 τῦ
342 3077 406 3130 σίλω
425 3078 477 3132 ΑΒ
506 3072 538 3132 έν
556 3078 594 3150 τῷ
614 3077 673 3148 πλῷ
694 3095 717 3132 ο.
736 3078 853 3148 Madvig
875 3080 977 3139 Adv.I
1002 3087 1054 3136 724
1075 3077 1141 3138 έθε-

125 3141 233 3202 λούσιοι
253 3165 276 3204 ο.
295 3147 419 3203 ὃὶηῒεηὶε
437 3149 498 3203 Em.
517 3149 598 3204 Dion.
617 3150 644 3204 H
661 3167 689 3219 p.
710 3155 727 3203 2
755 3144 787 3204 έν
805 3151 839 3221 τῇ
858 3152 978 3226 Σικελία
1001 3168 1024 3207 ο.
1043 3152 1140 3209 Κίεεε-

125 3220 185 3289 ling
256 3225 272 3274 3
296 3215 455 3290 άκαρνάσιν
473 3221 499 3275 Α
571 3227 586 3275 7
607 3219 726 3275 αίτολιῦν
744 3221 770 3274 Α
788 3219 911 3276 αίτωλάν
935 3223 982 3277 Ba
1055 3231 1088 3280 16
1108 3221 1140 3280 ἐκ

124 3285 219 3362 χειρὸς
237 3289 358 3360 conieci,
379 3287 411 3346 ἐκ
429 3291 525 3358 δεξιᾶς
543 3285 637 3362 χειρὸς
655 3309 678 3347 ο.
697 3291 840 3363 Hertlein,
859 3293 977 3349 Hermes
995 3294 1021 3348 X
1040 3313 1067 3364 p.
1086 3301 1140 3352 408

162 3367 196 3417 18
214 3358 329 3433 γραφήν
349 3363 491 3431 δηλοῦσαν
510 3359 633 3433 άρχαίαν
651 3363 705 3417 ΑΒ
728 3383 769 3433 γρ,
793 3361 915 3434 ἔχουσαν
938 3359 966 3420 ά.
990 3382 1014 3420 ο.
1033 3367 1140 3438 Kayser

124 3434 196 3490 Ann.
216 3434 286 3504 phil.
306 3440 375 3489 1863
394 3442 448 3504 p.6
522 3440 555 3489 19
574 3435 608 3505 τῇ
627 3434 688 3506 θεῷ
704 3434 727 3487 Β
744 3431 797 3504 τήν
815 3433 924 3491 θεδνΙλ
994 3443 1028 3492 21
1049 3433 1139 3494 ύπ’Β

125 3500 181 3560 ὑπὸ
200 3505 226 3560 R
298 3512 331 3561 23
351 3505 490 3576 γενέσθαι
507 3505 554 3560 Ba
