2438 3908
569 224 736 275 ..Γ-

147 383 253 450 τόπον
280 379 449 470 διαλαχὼν
479 386 537 468 τῆς
564 380 692 462 πόλεως
718 379 779 450 τὸν
812 379 982 469 ἀρκοῦντα
1014 381 1071 450 καὶ
1103 386 1160 470 γῆς

147 487 310 575 λαμβάνει
332 491 467 576 κλῆρον.
513 490 584 556 ἐπεὶ
614 487 777 556 δὲταῦτα
803 487 991 580 διῳκήσατο
1015 489 1160 558 καὶτῶν

149 593 261 665 ἀστῶν
283 589 331 676 εἷς
349 594 511 681 ἐγεγόνει,
535 592 658 681 μαθων
680 591 734 662 ότι
751 591 925 681 Ῥωμαίων
945 593 1073 686 ἑκάστῳ
1096 622 1161 664 κοι·

150 701 213 770 νόν
236 700 264 771 τ’
287 701 395 790 ὄνομα
417 714 521 770 κεῖται
543 700 599 769 καὶ
622 699 704 787 μετά
725 701 764 769 τὸ
788 699 907 769 κοινὸν
931 701 1059 788 ἕτερον,
1084 697 1162 788 ὃδὴ

125 807 352 895 εσνγγενικὸν
380 806 495 888 αὐτοῖς
517 811 586 877 ἐστι
613 808 668 874 καί
695 806 970 895 πατρωνυμικόν,
994 809 1164 895 ἐξομοιού·

151 923 234 982 σθαι
256 916 312 983 καὶ
334 913 417 983 κατὰ
439 918 539 983 τούτο
563 912 678 994 αὐτοῖς
700 913 908 1001 βουλόμενος
930 913 1080 983 Λεύκιον
1104 914 1162 1001 μὲν

151 1019 226 1089 ἀντὶ
241 1021 447 1108 Λοκόμωνος
465 1023 572 1112 ἑαυτῷ
592 1025 723 1089 τίθεται
745 1018 784 1090 τδ
802 1019 922 1089 κοινόν
941 1019 1062 1108 ὄνομα,
1081 1028 1162 1110 Ταρ

149 1126 271 1194 κόνιον
299 1126 337 1193 δὲ
363 1125 401 1194 τὸ
431 1124 630 1213 συγγενικὸν
654 1128 708 1194 ἐπὶ
735 1131 794 1213 τῆς
816 1127 944 1207 πόλεως
966 1128 1004 1194 ἐν
1027 1118 1049 1216 ᾖ
1073 1128 1162 1212 γενέ-

111 1232 131 1296 3
151 1231 234 1313 σεάς
251 1259 286 1302 τε
303 1231 360 1301 καὶ
377 1235 507 1322 τροφῆς
525 1237 632 1320 ἔτυχε·
655 1235 818 1318 βασιλέως
835 1259 870 1301 τε
890 1238 989 1320 φίλος
1009 1235 1047 1301 ἐν
1064 1232 1164 1323 όλίγφ

111 1356 137 1397 10
150 1339 242 1408 πάνυ
264 1338 376 1431 χρόνῳ
395 1344 523 1425 γίνεται
543 1341 636 1424 δάρα
660 1338 789 1424 διδούς,
813 1330 862 1407 ὧν
884 1336 990 1407 αὐτὸν
1017 1341 1054 1407 ἐν
1073 1346 1164 1431 χρείᾳ

150 1447 293 1534 μάλιστα
324 1446 508 1532 γινόμενον
538 1442 710 1535 ᾐσθάνετο
741 1446 798 1513 καὶ
830 1446 980 1534 χρήματα
1010 1447 1163 1534 παρέχων

151 1558 198 1634 είς
229 1551 289 1633 τάς
318 1551 497 1640 πολεμικάς
531 1556 642 1640 χρείας
673 1549 765 1620 ὅσων
797 1555 919 1637 ἐδεῖτο,
952 1555 989 1620 ἐν
1023 1551 1062 1621 δὲ
1094 1567 1163 1632 ταῖς

151 1664 336 1749 στρατείαις
368 1656 527 1727 ἀπάντων
558 1657 717 1747 κράτιστα
749 1661 855 1740 πεζῶν
886 1684 922 1726 τε
950 1660 1007 1727 καὶ
1038 1662 1163 1728 ίππίων

151 1764 397 1853 ἀγωνιζόμενος
424 1764 561 1852 γνώμης
592 1790 628 1833 τε
661 1762 748 1832 ὅπου
780 1763 930 1852 δεήσειεν
963 1762 1098 1852 ἀγαθῆς
1130 1769 1164 1835 ἐν

111 1893 137 1935 15
150 1887 221 1952 τοῖς
248 1871 339 1940 πάνν
366 1877 547 1958 φρονίμοις
573 1874 642 1939 τῶν
669 1870 872 1958 συμβούλων
898 1868 1205 1962 ἀριθμούμενοςωιι

110 1976 133 2038 4
151 1977 334 2065 γενόμενος
357 1977 394 2044 δὲ
416 1975 506 2065 παρά
528 1981 574 2068 τῷ
598 1983 730 2063 βασιλεῖ
749 1983 858 2065 τίμιος
877 1976 958 2047 οὐδὲ
975 1983 1036 2066 τῆς
1054 1978 1164 2048 ἀλλων

146 2082 320 2171 Ῥωμαίων
353 2084 487 2163 εὐνοίας
519 2082 716 2171 διήμαρτεν,
746 2081 831 2152 ἀλλά
862 2085 918 2152 καὶ
949 2089 1019 2153 τῶν
1051 2111 1165 2177 πατρι-

151 2197 235 2259 κίων
257 2188 402 2270 πολλούς
423 2204 495 2269 ταῖς
518 2187 723 2276 εὐεργεσίαις
751 2187 941 2277 ὑπηγάγετο
964 2193 1021 2260 καὶ
1044 2195 1082 2262 τὸ
1108 2199 1163 2281 δη-

152 2297 290 2386 μοτικὸν
322 2301 453 2383 πλῆθος
488 2301 617 2376 οίκείως
649 2301 737 2382 ἔχειν
774 2298 879 2390 ἑαυτῷ
916 2299 1164 2387 παρεσκεύασεν

112 2426 138 2467 ιο
152 2403 418 2494 εὐπροσηγόροις
448 2429 484 2471 τε
511 2401 698 2490 ἀσπασμοῖς
724 2403 780 2470 καί
812 2407 1067 2491 κεχαρισμέναις
1096 2404 1165 2493 όμι·

151 2518 239 2592 λίαις
261 2512 317 2579 καὶ
345 2511 524 2600 χρημάτων
552 2510 728 2597 μεταδόσει
756 2510 812 2578 καί
837 2523 909 2590 ταῖς
931 2510 1049 2592 ἀλλαις
1071 2521 1166 2601 φιλο-

153 2617 349 2706 φροσύναις.

215 2726 472 2804 xxxxvnn.
508 2726 668 2802 Τοιοῦτος
695 2723 757 2810 μὲν
786 2724 827 2810 δή
854 2751 905 2803 τις
932 2721 949 2792 ὁ
978 2725 1166 2813 Ταρκύνιος

152 2821 195 2914 ἦν
218 2830 274 2896 καλ
293 2829 351 2898 διὰ
367 2832 490 2912 ταύτας
506 2828 565 2910 τὰς
583 2835 692 2912 αἰτίας
711 2830 833 2912 ζῶντός
850 2857 886 2899 τε
904 2837 1066 2918 Μαρκίου
1083 2833 1165 2901 πάν-

113 2962 139 3003 ετ
153 2960 221 3002 των
259 2936 389 3020 ἐγένετο
421 2932 595 3023 Ῥωμαίων
633 2937 893 3024 ἐπιφανέστατος
922 2936 978 3004 καὶ
1015 2936 1166 3026 τελευτή·

223 3123 286 3183 4τ’
305 3123 437 3198 ὄνομαΒ
459 3124 490 3184 τδ
511 3124 535 3184 ό.
555 3131 580 3184 Β
602 3151 629 3184 τι
648 3126 672 3186 ό.
697 3149 719 3186 ο.
738 3130 841 3186 Reiske
914 3137 929 3185 6
953 3130 1044 3185 καλΒ
1068 3133 1166 3187 om.R

154 3207 168 3255 7
194 3195 285 3272 ἕαντῷ
309 3200 331 3253 Β
355 3214 408 3254 om.
432 3200 458 3254 R
548 3206 582 3254 10
605 3197 694 3257 αὐτὸν
721 3204 786 3272 post
812 3197 932 3271 μάλιστα
958 3201 981 3256 O
1005 3206 1120 3271 praeter
1143 3203 1165 3256 B

154 3277 185 3326 11
209 3267 354 3360 ᾐσθάνετο
377 3270 400 3323 Β
427 3266 533 3342 ᾔσθετο
556 3271 582 3325 Β
659 3279 692 3327 13
715 3275 873 3342 στρατείαις
895 3271 918 3324 Β
945 3280 1090 3342 στρατιαῖς
1112 3275 1138 3329 Β
1159 3272 1163 3345 Ι

152 3343 292 3398 *παντων
315 3343 338 3397 O
430 3347 463 3396 16
486 3340 561 3410 *τῆς
583 3337 667 3410 ἀλλης
690 3343 713 3397 Ο
741 3345 792 3412 τῆς
813 3343 869 3398 τῶν
892 3338 983 3396 ἀλλων
1008 3361 1030 3398 ο.
1056 3344 1164 3415 Ρδωςὶ,

152 3413 289 3470 Bflcheler
366 3418 399 3468 21
425 3409 592 3483 μεταδόσεσι
615 3430 638 3467 c.
657 3414 760 3468 Reiske
837 3419 870 3468 25
897 3409 1164 3482 ἐπιφανέστατοςΒ

152 3486 394 3556 περιφανέστατος
412 3485 438 3539 Β
