2454 3916
500 224 667 274 -Γ-

75 387 160 446 σθαι
187 376 248 447 τὸν
277 377 381 449 αὐτόν
410 379 509 460 ἐάσας
536 379 662 468 τρόπον
685 380 747 468 τήν
777 407 812 449 τε
835 387 1022 468 πολιτείαν,
1045 379 1089 470 ἣν

73 486 241 576 πρότερον
265 484 368 573 εἶχον,
391 484 541 567 ἀποδοὺς
559 484 674 567 αὐτοῖς
697 488 830 556 διέλυσε
848 488 911 576 τὴν
930 486 1090 578 στρατιάν

73 596 132 662 καὶ
167 594 441 683 παραγενόμενος
482 600 529 674 είς
560 592 691 682 Ῥιόμην
732 594 795 682 τὴν
834 594 1089 683 τροπαιοφόρον

74 699 240 769 ἀπεδίδου
261 715 332 782 τοῖς
354 710 450 782 θεοῖς
472 701 609 789 πομπήν
636 727 671 771 τε
693 703 750 770 καὶ
777 707 906 770 θυσίαν
931 701 1091 789 δεύτερον

75 810 207 877 ἐκεῖνον
229 807 384 896 κατάγων
407 815 589 896 θρίαμβον.
1103 835 1116 876 τ

164 917 298 983 XXXII.
323 913 419 985 Μετὰ
443 916 481 983 δὲ
503 919 625 985 τοάτον
647 913 707 984 τὸν
726 915 874 1003 πόλεμον
899 917 1009 1002 ἕτερος
1031 914 1090 985 άν-

76 1026 154 1108 έστη
182 1019 358 1110 Ῥωμαίοις
395 1024 431 1091 ἐκ
466 1027 527 1090 τοῦ
559 1027 723 1109 Σαβίνων
761 1028 902 1108 έθνους,
934 1020 1019 1110 ἀρχὴ
1053 1021 1091 1090 δὲ

75 1126 181 1196 αὐτοῦ
204 1131 260 1196 καὶ
282 1128 452 1218 πρόφασις
475 1131 605 1216 ἐγένετο
629 1129 757 1199 τοιάδε·
781 1129 875 1219 ίερόν
899 1131 969 1197 ἐστι
990 1132 1090 1216 κοινῇ

74 1231 268 1322 τιμώμενον
286 1233 351 1303 ὑπὸ
367 1240 530 1322 Σαβίνων
547 1236 652 1304 τεκαὶ
666 1241 824 1304 Λατίνων
843 1233 943 1321 ἅγιον
963 1237 1000 1304 ἐν
1020 1248 1091 1314 τοῖς

74 1340 166 1409 πάνυ
192 1344 276 1421 θεάς
298 1347 487 1429 Φερωνείας
515 1339 773 1429 ὀνομαζομένης,
796 1337 840 1428 ἣν
865 1344 901 1409 ολ
921 1339 1089 1428 μεταφρά-
1103 1367 1129 1408 ιο

76 1454 188 1530 ζοντες
210 1453 258 1527 είς
284 1445 347 1535 τὴν
366 1444 510 1515 Ἑλλάδα
537 1451 694 1534 γλῶσσαν
724 1450 760 1515 οί
780 1445 842 1534 μὲν
861 1444 1090 1533 Ἀνθοφόρον,

22 1558 116 1624 506οί
138 1555 175 1623 δὲ
197 1557 463 1642 Φιλοστέφανον,
487 1557 521 1621 οί
540 1553 578 1622 δὲ
599 1552 820 1641 Φερσεφόνην
843 1556 1020 1621 καλοῦσιν·
1042 1557 1090 1633 είς

75 1660 118 1748 δὴ
137 1659 175 1730 τὸ
195 1659 288 1750 ἱερὸν
306 1665 405 1731 τοῦτο
425 1659 596 1750 συνῄεσαν
615 1663 651 1729 ἐκ
671 1664 740 1729 τῶν
758 1665 940 1748 περιοίκων
958 1659 1091 1728 πόλεων

73 1765 158 1836 κατά
188 1765 247 1847 τάς
278 1765 562 1854 ἀποδεδειγμένας
594 1765 710 1856 ἑορτάς
744 1767 865 1835 πολλοὶ
897 1765 959 1853 μὲν
992 1764 1091 1854 εὐχάς
1181 1849 1183 1856 Ι

74 1873 296 1954 ἀποδιδόντες
322 1874 379 1942 καί
406 1879 531 1954 θυσίας
562 1879 602 1962 τῇ
635 1878 722 1966 θεῷ,
753 1874 874 1942 πολλοὶ
902 1872 940 1941 δὲ
966 1900 1089 1963 χρημα-
1103 1898 1129 1939 15

73 1980 247 2069 τιοόμενοι
276 1979 333 2048 διά
359 1980 421 2068 τὴν
449 1981 642 2070 πανήγυριν
671 1985 816 2069 ἔμποροί
838 2007 873 2049 τε
902 1981 958 2049 καὶ
981 2007 1090 2069 χειρο-

72 2089 188 2175 τέχναι
214 2088 271 2155 καὶ
303 2092 461 2176 μεωργοί,
493 2086 618 2177 ἀγοραί
645 2113 681 2156 τε
709 2086 833 2156 αὐτόθι
861 2087 1090 2175 λαμπρόταται

72 2197 142 2264 τῶν
166 2196 203 2262 ἐν
227 2192 342 2274 άλλοις
363 2195 432 2262 τισὶ
453 2193 568 2274 τόποις
586 2198 645 2282 τῆς
664 2192 805 2274 Ἰταλίας
827 2191 1004 2281 ἀγομένων
1023 2196 1089 2280 ἐμί-

73 2327 187 2371 νοντο.
232 2303 280 2379 είς
301 2298 427 2386 ταύτην
454 2299 493 2368 δὲ
515 2300 576 2387 τὴν
606 2299 799 2389 πανήγυριν
822 2299 987 2380 ἐλθόντας
1008 2300 1124 2368 ποτὲ2

69 2406 244 2495 Ῥωμαίων
269 2405 397 2495 ἀνδρας
416 2403 477 2474 οὐκ
495 2404 637 2493 ἀφανεῖς
655 2412 806 2492 Σαβῖνοί
824 2433 914 2487 τινες
938 2405 1086 2493 [ἀνδρες]
1102 2431 1130 2472 εο

73 2513 351 2603 συναρπάσαντες
365 2516 491 2600 έδησαν
504 2512 560 2581 καὶ
578 2510 619 2580 τά
637 2511 789 2600 χρήματα
807 2511 998 2601 ἀφείλοντο,
1012 2537 1090 2601 πρε-

74 2625 189 2709 σβείας
215 2648 250 2689 τε
276 2621 352 2708 περὶ
387 2617 499 2688 αὐτόν
514 2605 516 2610 ’
532 2615 741 2705 ἀφικομένης
774 2616 876 2687 οὐδὲν
904 2618 1088 2705 ἐβούλοντο

72 2731 142 2797 τῶν
176 2729 317 2794 δικαίων
349 2738 475 2811 ποιεῖν,
512 2721 596 2792 άλλά
627 2725 683 2792 καὶ
714 2722 755 2792 τδι
792 2724 929 2811 στόματα
961 2726 1017 2793 καὶ
1048 2723 1090 2794 τὰ

72 2832 224 2922 χρήματα
260 2836 328 2902 τῶν
371 2832 637 2919 συλληφθέντων
679 2843 834 2918 κατεῖχον
871 2833 1090 2918 ἐγκαλοῦντες

72 2941 130 3009 καὶ
153 2938 250 3010 αὐτοὶ
267 2937 453 3027 Ῥωμαίοις,
477 2935 529 3006 ότι
551 2934 631 3017 τοὺς
649 2941 812 3023 Σαβίνων
832 2937 988 3026 φυγάδας
1010 2935 1087 3007 ὑπε-
1101 2959 1128 3002 ιε

74 3049 214 3135 δέχοντο
242 3045 548 3123 κατασκευάσαντες
574 3041 703 3112 ἀσυλον
732 3043 841 3131 ίερόν,
870 3041 954 3133 ὑπὲρ
978 3035 1027 3112 ὧν
1050 3047 1088 3113 έν

147 3214 163 3263 6
181 3204 214 3263 δὲ
234 3224 289 3263 om,
307 3206 330 3259 B
390 3210 406 3259 9
425 3206 545 3259 λατίνων
563 3223 593 3260 τε
613 3203 662 3259 καὶ
676 3205 800 3275 σαβίνων
818 3205 841 3259 Β
900 3211 935 3262 10
954 3205 1088 3278 φ<ε>ρω-

72 3279 198 3341 νείαςΒ
281 3283 313 3332 11
337 3270 595 3348 ἀνθ<ο>φόρονΒ
676 3281 710 3330 13
733 3271 769 3344 δὴ
792 3276 816 3329 Β
839 3272 921 3330 δδΡι
998 3282 1031 3331 18
1055 3272 1087 3331 έν

72 3346 167 3412 ἀλλοις
190 3347 288 3412 οἴςτισι
315 3344 414 3410 τόποις
439 3364 463 3402 ο.
487 3347 603 3403 δολιδιίετ
625 3346 737 3402 Molem.
761 3346 822 3400 crit.
846 3365 873 3415 p.
894 3352 909 3400 7
988 3351 1021 3400 19
1040 3345 1086 3419 δὲ]

72 3417 109 3490 δὴ
133 3420 256 3477 Εεαδλετ
279 3419 369 3475 Τὶτοο.
393 3437 421 3489 p.
441 3424 476 3473 30
560 3424 596 3474 20
619 3413 722 3488 ἀνδρες
747 3416 847 3472 om.B
927 3423 962 3471 22
985 3413 1088 3487 ἀφικο-

74 3490 162 3564 μένης
179 3492 244 3562 περὶ
262 3486 358 3546 αὐτῶν
377 3489 400 3545 Ο
418 3491 531 3560 praeter
547 3489 571 3544 B

870 3579 927 3632 22*
