2454 3916
527 204 694 256 ,χη-

146 367 241 453 δῶρα
265 362 351 443 Διὸς
372 362 498 452 κούρης
520 361 631 455 ἀλόχῳ
656 367 768 452 σέθεν,
792 364 812 453 ἡ
837 366 875 435 δέ
897 367 993 448 πόλις
1016 387 1071 437 σοι

146 474 238 538 ἐσται
261 467 457 559 ἀπόρθητος
478 470 538 540 τὸν
562 469 614 539 ἀεί
636 470 763 558 χρόνον
786 472 896 561 ἤματα
917 473 1035 543 πάντα.

167 597 336 664 LXVIIII.
372 595 559 684 Δάρδανον
583 595 644 683 μὲν
675 598 712 664 ἐν
735 600 775 687 τῇ
798 604 972 687 κτισθείσῃ
995 626 1030 667 τε
1053 596 1111 686 ὑφ’

98 702 225 770 ἑαυτοῦ
251 701 307 771 καὶ
335 700 519 790 ὀνομασίας
547 699 665 790 ὁμοίας
691 703 838 793 τυχούσῃ
866 703 961 772 πόλει
991 703 1031 772 τά
1056 706 1114 791 ἕδη

97 816 310 895 καταλιπεῖν,
334 806 437 877 Ἰλίου
465 808 497 876 δ’
523 811 560 877 ἐν
588 805 716 900 ὑστέρῳ
743 809 854 902 χρόνῳ
879 812 1143 879 συνοικισθέντ

42 936 162 995 174τος
186 917 291 983 ἐκεῖσε
313 919 556 1003 μετενεχθῆναι
574 913 658 1004 πρὸς
680 919 748 984 τῶν
768 915 919 1004 ἐγγόνων
944 915 1048 985 αύτοῦ
1075 915 1116 985 τά

99 1022 183 1109 ίερά.
224 1020 434 1108 ποιήσασθαι
452 1021 490 1090 δὲ
511 1021 591 1102 τούς
611 1021 718 1104 Ἰλιεῖς
740 1023 829 1092 νεω’ν
852 1051 887 1093 τε
908 1026 965 1093 καὶ
987 1022 1115 1092 ἀδυτον

98 1125 217 1209 αύτοῖς
235 1129 289 1196 ἐπί
303 1133 363 1216 τῆς
376 1127 480 1216 ἀκρας
497 1129 553 1195 καί
567 1128 748 1217 φυλάττειν
773 1128 818 1197 δι’
836 1133 1025 1218 ἐπιμελείας
1035 1128 1116 1216 ὅσης

98 1234 268 1303 ἐδύναντο
298 1241 454 1322 πλείστης
484 1234 677 1323 θεόπεμπτά
713 1263 749 1305 τε
780 1235 991 1326 ἡγουμένους
1027 1234 1115 1304 εἰναι

97 1343 156 1410 καὶ
180 1347 346 1432 σωτηρίας
366 1340 467 1431 κύρια
480 1346 520 1431 τῇ
534 1341 639 1410 πόλει.
667 1340 889 1431 ἁλισκομένης
904 1343 942 1412 δέ
955 1347 1013 1430 τῆς
1026 1342 1114 1411 κάτω

97 1448 231 1528 πόλεως
257 1446 317 1517 τὸν
340 1453 483 1517 Αἰνείαν
509 1447 672 1537 καρτερόν
700 1453 759 1535 τῆς
787 1446 890 1538 ἀκρας
917 1449 1115 1537 γενόμενον,

96 1555 230 1645 ἄραντα
253 1557 288 1624 ἐκ
309 1559 378 1624 τεόν
401 1554 536 1624 ἀδύτων
556 1554 597 1624 τά
614 1582 650 1624 τε
673 1553 747 1644 ίερά
761 1559 829 1624 των
853 1555 1007 1643 μεγάλων
1021 1559 1115 1624 θεῶν

97 1664 156 1732 καί
175 1661 257 1751 ὅπερ
276 1667 324 1731 ἔτι
346 1667 466 1751 περιῆν
480 1661 678 1731 Παλλάδιον
702 1662 863 1752 (θάτερον
878 1662 942 1750 γάρ
954 1661 1116 1732 Ὀδυσσέα

96 1771 156 1838 καὶ
185 1768 365 1857 Διομήδην
397 1768 519 1849 νυκτός
550 1789 656 1856 φασιν
683 1775 731 1850 εἰς
752 1768 860 1839 Ἴλιον
889 1768 1116 1857 ἀφικομένους

97 1879 207 1964 κλοπῇ
225 1876 356 1966 λαβεῖν)
376 1881 533 1963 οἰχεσθαί
550 1902 586 1944 τε
608 1881 793 1963 κομίσαντα
812 1875 886 1961 [τόν
900 1881 1056 1961 Αἰνείαν]
1080 1877 1116 1944 έκ
1130 1898 1158 1938 15

97 1988 161 2071 τῆς
183 1983 312 2063 πόλεως
332 1983 388 2050 καί
411 1984 526 2051 ἐλθεῖν
549 1980 675 2068 ἀγοντα
698 1988 745 2063 εἰς
765 1983 918 2053 Ἰταλίαν.
947 1981 1116 2073 Ἀρκτῖνος
1134 1988 1157 2053 3

99 2093 142 2160 δέ
163 2108 270 2178 φησιν
292 2086 358 2158 ὑπὸ
382 2087 467 2169 Διὸς
486 2092 634 2176 δοθῆναι
658 2087 830 2180 Δαρδάνῳ
854 2088 1052 2158 Παλλάδιον
1078 2092 1115 2157 ἓν

97 2198 156 2266 καί
185 2194 399 2265 εἶναιτοῦτο
428 2197 465 2263 ἐν
491 2193 577 2287 Ἰλίῳ
604 2197 686 2275 τέως
714 2193 735 2283 ἡ
763 2194 860 2276 πόλις
889 2194 1042 2284 ἡλίσκετο
1064 2221 1116 2264 κε-

40 2305 300 2392 ιῖσκρυμμένον
330 2305 368 2371 ἐν
395 2300 525 2393 ἀβάτῳ·
558 2301 673 2370 εἰκόνα
700 2300 731 2369 δ’
758 2304 890 2370 ἐκείνου
921 2320 1116 2371 κατεσκευα-

99 2411 231 2499 σμένην
246 2405 291 2488 ύς
304 2407 411 2496 μηδὲν
424 2412 483 2495 τῆς
500 2406 689 2497 ἀρχετύπου
705 2409 880 2497 διαφέρειν
903 2406 1030 2495 ἀπάτης
1046 2411 1115 2477 τῶν
1129 2429 1158 2469 20

99 2514 393 2604 ἐπιβουλευόντων
412 2516 525 2583 ἕνεκεν
548 2517 585 2583 ἐν
603 2518 738 2605 φανερῷ
761 2518 903 2601 τεθῆναι
926 2515 982 2582 καί
1010 2512 1116 2602 αὐτὴν

94 2621 252 2711 Ἀχαιούς
284 2621 587 2710 ἐπιβουλεύσαντας
617 2627 744 2708 λαβεῖν.
796 2620 837 2690 τά
870 2620 931 2709 μὲν
969 2612 1032 2690 οὖν
1069 2626 1157 2702 εἰς4

94 2729 243 2799 Ἰταλίαν
266 2725 322 2798 ὑπ’
348 2732 490 2796 Αἰνείου
511 2728 717 2815 κομισθέντα
741 2723 813 2816 ἰερά
834 2736 905 2806 τοῖς
928 2729 1116 2815 εἰρημένοις

97 2834 248 2926 ἀνδράσι
279 2834 483 2923 πειθόμενος
514 2834 633 2924 γράφω
664 2861 733 2903 τον
763 2861 799 2903 τε
832 2832 986 2922 μεγάλων
1022 2838 1116 2903 θεῶν
1166 2863 1168 2867 ’

98 2941 236 3022 εἰκόνας
272 2939 377 3027 εἰναι,
415 2938 474 3022 οὓς
510 2945 735 3033 Σαμοθρᾷκες
765 2939 938 3028 Ἑλλήνων
975 2941 1117 3029 μάλιστα
1130 2970 1158 3012 ιε

1133 1314 1157 1378 2

1130 1403 1158 1442 10

175 3127 189 3175 1
204 3111 293 3190 ἦδεΑ
310 3113 329 3190 ἣ
344 3117 410 3175 ῖὲΒ
448 3127 464 3175 6
480 3117 880 3175 &uecOc0n.Reud1erTiroc.
889 3124 958 3189 p.15
1001 3115 1081 3174 ῖνεά
1091 3121 1117 3174 Α

98 3183 180 3262 8*ἦ
200 3192 226 3246 Δ
253 3184 313 3260 ἣΒ
336 3185 374 3254 ὡς
398 3189 487 3246 Cobet
504 3190 571 3247 obs.
593 3210 622 3262 p.
641 3196 677 3246 34
767 3196 800 3244 15
823 3191 912 3262 κλοπῇ
936 3191 959 3243 Β
987 3207 1042 3245 om.
1064 3191 1114 3261 ΕΙ

98 3259 152 3320 τόν
180 3261 296 3317 Αἰνείαν
324 3263 379 3318 del.
414 3261 522 3317 Grimm
549 3264 627 3320 Lect.
655 3261 736 3317 Dion.
762 3261 830 3317 fasc.
853 3260 880 3315 Π
903 3267 972 3316 1784
1005 3260 1116 3329 Sauppe

98 3335 174 3424 Eph.
193 3333 271 3389 θεοῖό.
298 3339 365 3390 1861
389 3353 417 3404 p.
438 3339 507 3388 1846
586 3339 618 3389 17
642 3335 795 3403 Δαρδανίω
819 3332 842 3385 Β
888 3351 896 3358 ·
921 3337 953 3387 18
976 3329 1007 3384 τέ
1031 3324 1069 3391 ὥς
1091 3331 1117 3384 Α

99 3425 173 3467 τεως
196 3403 293 3475 μέχρις
315 3405 338 3459 Β
363 3421 432 3461 corr.
461 3404 603 3476 Kiessling
692 3410 726 3458 19
750 3398 846 3476 ἀδύτῳ
873 3418 896 3458 c.
919 3399 1042 3456 Raudler
1059 3399 1078 3454 l.
1096 3400 1116 3455 1.

100 3495 130 3548 p.
153 3482 186 3532 1⁶
203 3478 208 3546 Ι
225 3470 254 3530 δ’
274 3471 428 3533 ἰκείνουΒ
452 3473 484 3531 δὲ
505 3471 571 3532 §.R
642 3480 675 3531 21
695 3472 849 3530 *ένεκαΟ
