2454 3916
163 214 231 280 νει
491 197 753 270 ”-ι“-

164 373 226 444 ούκ
253 373 428 462 ἠξιοῦμεν,
456 376 588 462 ἐπείπερ
618 370 693 442 οὐθ’
717 371 866 461 ήρξαμεν
895 372 992 443 αὐτοὶ
1020 373 1179 462 πρότεροι

163 485 224 550 τοῦ
255 482 420 570 πολέμου,
452 479 617 569 ἀρξαντας
650 480 687 549 δὲ
718 479 931 568 ἠμυνάμεθα.
981 478 1180 568 ἀποτιθεμέ·

163 614 235 657 νῶν
273 587 310 656 δὲ
346 585 442 676 ὑμῶν
477 586 519 656 τά
558 585 645 656 όπλα
682 587 851 675 δεχόμεθα
886 584 945 668 τάς
980 587 1181 675 προκλήσεις

163 693 306 783 ἀσμενοι
327 695 384 763 καὶ
406 696 482 784 περὶ
505 698 697 780 διαλλαγῶν
721 692 823 763 ούθὲν
846 692 1224 783 ἀκριβολογούμεθα,4ε8

124 825 137 867 5
164 799 250 870 ἀλλά
280 800 340 880 τὰς
375 805 551 889 κρατίστας
581 827 617 869 τε
652 801 708 868 καὶ
739 800 1055 888 μεγαλοψυχοτάτας
1088 800 1182 888 δεχό-

164 916 254 995 μεθα
280 911 348 976 πᾶν
375 905 522 995 ἀδίκημα
549 908 605 976 καὶ
631 910 700 976 πᾶν
724 905 902 995 ἀμάρτημα
930 910 989 994 τῆς
1008 904 1182 993 Ἀλβανῶν

163 1012 293 1100 πόλεως
316 1010 485 1100 ἀφιέντες,
511 1016 543 1082 εί
565 1011 607 1100 δή
629 1014 686 1081 καὶ
707 1010 806 1080 κοινά
828 1010 892 1100 χρὴ
914 1019 1030 1080 καλεῖν
1052 1011 1183 1093 πόλεως

165 1116 399 1207 ἁμαρτήματα,
431 1111 479 1187 ῶν
507 1116 526 1187 ὁ
555 1116 738 1207 στρατηγὸς
765 1116 862 1207 ὑμῶν
885 1114 1046 1200 Κλοίλιος
1075 1127 1183 1200 αίτιος

165 1217 225 1312 ἦν,
249 1222 287 1306 ὃς
308 1223 434 1312 ύπὲρ’
416 1226 617 1314 αμφοτέρυν
643 1223 740 1312 ήμῶν
771 1223 812 1293 ού
835 1223 982 1312 μεμπτὰς
1004 1226 1111 1294 τέτικε
1136 1229 1183 1294 θί-

126 1311 226 1440 3κας
247 1345 318 1412 τοῖς
340 1341 445 1412 θεοῖς.
490 1330 645 1461 ἀφείσθω
674 1331 716 1417 δή
743 1334 834 1399 πάσα
862 1329 1067 1418 ἐγκλήματος
1091 1336 1183 1401 ίὸίου

165 1466 201 1508 τε
228 1440 285 1507 καὶ
313 1441 433 1507 κοινοῦ
460 1437 629 1526 πρόφασις
654 1437 711 1506 καὶ
732 1435 879 1568 μηθενὸς
903 1442 952 1506 ἔτι
975 1437 1090 1525 μνήμη
1114 1443 1183 1508 τῶν

166 1544 453 1634 παρεληλυθότων
474 1551 557 1614 ἔστω
575 1548 698 1631 κακῶν,
718 1541 763 1624 ῶς
780 1544 836 1612 καὶ
855 1547 921 1630 σοι’,
940 1535 1011 1632 <ῶ>
1030 1548 1184 1634 Φουφέτ·

166 1679 231 1738 τιε,
259 1656 364 1721 δοκεῖ·
383 1650 472 1756 ,ἀλλ’
499 1649 562 1720 οὐκ
584 1649 714 1740 ἀπόχρη
737 1655 837 1719 τούτο
866 1649 975 1738 μόνον
998 1648 1086 1738 ήμάς
1110 1672 1185 1722 σκο-

166 1772 258 1845 πεῖν,
287 1782 377 1838 οπως
404 1754 448 1826 ἀν
474 1758 539 1845 τήν
570 1762 746 1846 παροῦσαν
777 1764 905 1845 ἔχθραν
935 1762 1185 1849 διαλυσαίμεθα

127 1894 153 1936 15
167 1864 251 1954 πρὸς
279 1863 460 1952 ἀλλήλους,
488 1863 562 1933 ἀλλ’
589 1863 679 1944 ὅπως
705 1862 784 1953 μηθ’
810 1857 913 1945 αὖθίς
939 1889 1019 1933 ποτε
1040 1867 1186 1955 πολεμή-

168 1991 272 2059 σομεν
305 1977 353 2040 ἔτι
390 1975 444 2040 θεῖ
472 1972 806 2060 παρασκευάσασθαι·
845 1968 886 2038 ού
918 1968 983 2060 γὰρ
1015 1969 1187 2060 ἀναβολὰς

166 2076 387 2165 ποιησόμενοι
416 2080 485 2146 τῶν
512 2082 626 2146 κακῶν
653 2076 949 2165 συνεληλύθαμεν,
981 2075 1054 2146 ἀλλ’
1082 2076 1186 2147 ἀπαλ-

167 2183 281 2270 λαφάς.
318 2189 368 2264 τίς
387 2177 451 2254 ούν
470 2181 490 2273 ἡ
509 2191 629 2272 βεβαία
647 2189 708 2253 τοῦ
727 2186 876 2272 πολέμου
892 2183 1075 2265 κατάλνσις
1094 2191 1187 2255 ἔσται

167 2291 224 2358 καὶ
252 2294 289 2359 τί
319 2291 548 2379 παρασχόντες
579 2297 627 2372 είς
657 2288 698 2360 τά
729 2290 905 2381 πράγματα
937 2289 1088 2380 ἑκάτεροι
1120 2297 1187 2362 νύν

127 2435 154 2476 20
168 2423 203 2465 τε
230 2398 286 2466 καὶ
316 2402 365 2478 εἰς
390 2394 451 2466 τὸν
479 2395 531 2465 ἀεὶ
563 2397 689 2487 χρόνον
722 2396 870 2485 ἐσόμεθα
903 2401 1015 2485 φίλοι,
1048 2397 1092 2467 σὺ
1125 2399 1187 2486 μὲν

150 2505 361 2590 παρέλιπες,
385 2493 411 2571 ῶ
439 2506 640 2591 Φουφέττιε,
663 2503 728 2590 ἐγὼ
753 2502 784 2572 θ’
810 2509 859 2572 ἔτι
880 2505 936 2572 καί
960 2508 1061 2574 τοῦτο
1085 2527 1187 2595 προσ-

127 2614 150 2678 4
168 2618 284 2678 θεῖναι
307 2611 517 2700 πειράσομαι.
563 2616 595 2681 εί
615 2613 801 2679 παύσαιντο
830 2610 893 2698 μὲν
913 2607 1071 2697 Ἀλβανοί
1099 2623 1187 2699 φθο-

168 2718 308 2799 νοῦντες
325 2715 501 2806 Ῥωμαίοις
524 2715 578 2806 ἐφ’
605 2712 655 2797 οἷς
678 2722 814 2805 ἔχουσιν
832 2715 988 2804 ἀγαθοῖς,
1011 2716 1075 2786 ούκ
1097 2717 1223 2791 ἀνευεῖ

169 2824 324 2914 μενάλων
350 2825 524 2895 κινδύνων
554 2825 610 2894 καὶ
641 2822 758 2892 πόνων
789 2828 925 2893 πολλῶν
953 2822 1037 2893 αύιά
1065 2828 1187 2914 κτησά-

68 3001 70 3004 .
128 2947 155 2989 25
169 2960 282 3021 μενοι,
309 2931 431 3021 (οὐθὲν
458 2935 544 3019 γοῦν
571 2929 779 3012 πεπονθότες
808 2927 868 3018 ὑφ’
894 2928 991 3019 ήμῶν
1016 2930 1095 3001 ούτε
1119 2949 1187 3021 μεῖ·

170 3047 228 3123 ζον
253 3039 329 3110 ούτε
358 3045 496 3108 ἔλαττον
521 3036 626 3108 κακὸν
657 3037 715 3106 διὰ
737 3041 836 3106 τούτο
860 3051 988 3125 μισεῖτε
1005 3035 1111 3127 ἡμᾶς,
1136 3039 1188 3110 ὅτι

169 3197 437 3341 ,ιιλλιέιλιι
463 3201 668 3333 8λαλι-
646 3195 879 3341 λιιηλῖῖ
886 3191 1189 3354 ῖξλεῖπλι

168 3363 195 3432 φ
220 3349 272 3399 411
302 3341 392 3398 Cobet
421 3341 486 3398 obs.
514 3359 542 3412 p.
567 3347 601 3397 60
629 3335 706 3405 ὅπως
721 3360 807 3427 ηε-
820 3335 1017 3411 πολεμήσομεν
1044 3341 1189 3415 Kiessling

168 3434 289 3471 υοτε-
255 3409 550 3485 -τολεμήσιομενΟ
623 3417 656 3467 21
677 3407 732 3482 ἐρῶ
752 3412 784 3468 δέ
808 3431 835 3465 τι
857 3409 950 3466 καλΑ
1023 3418 1059 3469 24
1078 3416 1189 3470 πολλῶν

168 3486 268 3543 om.A
339 3491 392 3541 26
386 3489 486 3557 μισεῖν
505 3503 535 3540 τε
554 3483 602 3539 Bb
