2454 3916
503 230 669 280 ,Γ-

167 388 240 454 VII.
274 390 384 455 Ταῦτα
408 385 449 474 δή
473 384 595 475 μαθὼν
619 384 637 455 ὁ
660 386 867 473 Φουφέττιος
890 389 939 454 ἔτι
961 388 1091 473 μᾶλλον

75 498 216 561 ἔσπευσε
238 493 446 580 ποιήσασθαι
468 490 528 573 τάς
551 494 736 578 διαλύσεις,
760 489 805 573 ὡς
828 489 909 561 οὐδὲ
931 493 1092 581 αἱρέσεως

74 605 124 668 ἔτι
161 603 222 667 τού
258 596 303 687 μή
335 603 438 669 ταῦτα
473 599 632 688 πράττειν
669 604 767 686 σφίσι
801 600 1091 686 καταλειπομένης.

74 705 225 792 ἐγεγόνει
254 705 293 774 δὲ
319 707 375 775 καί
401 709 447 799 τῷ
475 714 609 794 βασιλεῖ
632 710 701 775 τῶν
724 704 897 794 Ῥωμαίων
925 703 1008 793 ὑπὲρ
1031 711 1092 792 τῆς

73 817 290 899 συνωμοσίας
307 812 429 900 ταύτης
448 811 497 900 [ή]
515 813 660 902 μήνυσις
676 812 767 901 παρὰ
789 817 858 882 τῶν
882 815 919 881 ἐκ
939 813 1118 901 Φιδήνηςε

74 923 200 1006 φίλων,
224 918 303 988 ὥστ’
330 918 404 988 οὐδ’
430 918 530 1000 αύτδς
561 925 608 988 έτι
636 919 859 1007 διαμελλήσας
882 919 1010 1007 δέχεται
1032 917 1091 999 τάς

73 1029 137 1094 τοῦ
170 1032 381 1113 Φουφεττίου
410 1025 617 1114 προκλήσεις.
670 1026 740 1095 ἐπεὶ
771 1025 809 1094 δὲ
837 1030 1013 1113 συνῆλθον
1043 1030 1092 1105 εἰς

73 1131 112 1201 τὸ
136 1130 258 1220 μεταξὺ
279 1137 348 1202 τῶν
372 1136 607 1222 στρατοπέδων
630 1137 756 1221 χωρίον
782 1131 984 1220 ἐπαγόμενοι
1008 1152 1091 1221 συμ-

73 1240 221 1325 βούλους
249 1239 398 1327 ἑκάτεροι
425 1238 504 1320 τοὺς
531 1243 702 1328 φρονῆσαι
729 1238 770 1309 τά
798 1241 919 1309 δέοντα
942 1239 1090 1327 ἰκανούς,

73 1344 305 1434 ἀσπασάμενοι
337 1350 471 1434 πρῶτον
504 1344 671 1433 ἀλλήλους
703 1343 748 1426 ὡς
778 1345 944 1434 πρότερον
974 1344 1089 1415 εἰύδε-
1105 1370 1131 1411 ιο

74 1471 140 1520 σαν
167 1454 223 1521 καί
249 1455 564 1542 φιλοφρονηθέντες
590 1451 649 1533 τάς
676 1452 842 1542 ἑταιρικάς
869 1479 904 1521 τε
931 1454 987 1521 καί
1010 1472 1095 1540 συγ-.

73 1557 208 1645 γενικὰς
239 1559 495 1648 φιλοφροσύνας
528 1561 719 1645 διελέγοντο
756 1560 832 1647 περὶ
868 1562 937 1629 τῶν
975 1558 1090 1628 διαλύ-

74 1684 172 1733 σεων.
217 1665 335 1755 ήρχετο
360 1665 392 1733 δ’
419 1664 437 1734 ὁ
458 1664 619 1753 Ἀλβανὸς
645 1666 807 1754 πρότερος
828 1665 944 1735 τοιάδε
966 1667 1129 1753 λέγὼν·2

28 1770 274 1859 [ΜἈναγκαϊον
304 1771 395 1842 εἰναί
423 1800 481 1860 μοι
513 1777 608 1841 δοκεῖ
634 1771 694 1853 τάς
726 1777 833 1854 αἰτίας
858 1777 992 1861 πρῶτον
1020 1774 1089 1841 ἑπι-

74 1881 196 1966 δεῑξαι,
225 1876 270 1947 δι’
296 1878 336 1960 ἀς
363 1877 427 1967 ἐγὼ
454 1883 585 1967 πρῶτος
615 1878 742 1967 ήξίωσα
773 1881 849 1967 περί
875 1878 1088 1960 καταλύσεως
1101 1905 1128 1946 15

72 1990 135 2056 τού
162 1989 310 2075 πολέμου
339 1988 569 2075 διαλέγεσθαι,
599 1985 676 2055 ούτε
703 1986 790 2076 μάχη
818 1988 998 2074 κρατηθεὶς
1024 1983 1086 2074 ὑφ’

72 2091 171 2181 ὑμῶν
200 2092 271 2163 οὔτ’
297 2092 524 2182 ἐπισιτισμοὺς
551 2093 747 2181 εἰσάγεσθαι
768 2093 984 2181 κωλυόμενος
1012 2092 1089 2162 υύτε

73 2205 122 2280 εἰς
149 2200 256 2288 ἀλλην
288 2203 602 2288 κατακεκλεισμένος
634 2198 787 2287 ἀνάγκην
819 2197 997 2288 οὐδεμίαν,
1031 2203 1088 2269 ’ίνα
1150 2194 1154 2205 ’

73 2308 120 2394 μή
149 2335 189 2395 με
220 2305 409 2395 ὑπολάβητε
440 2312 500 2394 τῆς
529 2307 590 2395 μέν
624 2311 748 2387 οἰκείας
780 2305 956 2394 δυνάμεως
986 2305 1089 2376 ἀσθέ-

72 2440 171 2483 νειαν
193 2412 439 2502 κατεγνωκότα,
461 2411 524 2501 τήν
552 2413 590 2482 δέ
612 2413 776 2502 ὑμετέραν
802 2411 901 2499 ἰσχὺν
926 2416 1088 2481 δυσκατα-
1102 2437 1144 2478 ια

72 2520 243 2607 γάνιστον
266 2517 353 2590 εἰναι
380 2525 560 2608 νομίζοντα
587 2519 732 2608 εύπρεπή
761 2527 868 2608 ζητεῖν
891 2517 1088 2606 ἀπαλλαγήν

72 2631 136 2696 τοῦ
158 2628 315 2714 πολέμου.
360 2624 526 2714 ἀφόρητοι
553 2624 617 2713 γὰρ
642 2624 685 2697 ἀν
713 2631 872 2716 γένοισθε
895 2625 960 2696 ὑπὸ
984 2626 1088 2716 βαρύ-

72 2759 182 2820 τητος,
206 2742 240 2801 εἰ
253 2759 285 2801 τι
303 2738 493 2820 πεισθείητε
511 2736 588 2823 περὶ
606 2733 702 2823 ήμῶν
719 2739 887 2822 τοιοῦτον,
905 2735 961 2802 καὶ
981 2732 1088 2803 οὐδὲν

71 2837 118 2909 ἀν
145 2843 214 2909 τῶν
242 2846 385 2928 μετρίων
413 2837 627 2929 ὑπομείναιτε
654 2855 779 2928 ποιεῖν,
812 2839 857 2922 ὡς
887 2845 1089 2934 κρατοῦντες

145 3031 231 3090 Mul
248 3036 298 3090 τοῦ
319 3035 342 3092 Ο
363 3037 367 3104 Ι
388 3030 479 3092 ταύτὰ
507 3053 530 3092 c.
553 3037 692 3092 Bficheler
767 3032 821 3108 δή
846 3038 900 3093 del.
919 3038 1086 3110 Kiessling!

72 3142 198 3212 φιδηνῆς
215 3143 241 3196 Α
260 3119 424 3213 φίδήνηςΒ
479 3139 728 3215 6διαμελήσαςΒ
796 3150 830 3200 10
849 3138 888 3207 ἀς
906 3144 977 3213 φ.Α
996 3140 1088 3214 (καὶ)

72 3234 104 3281 φ.
124 3214 147 3268 Β
230 3220 263 3269 13
287 3211 425 3284 πρότερον
449 3213 472 3269 0
497 3231 566 3272 corr.
590 3215 731 3286 Kiessling
813 3220 847 3270 14
872 3211 1013 3280 ἐπιδεῖξαι
1035 3210 1088 3277 τάς

72 3283 168 3346 αἰτίας
186 3286 297 3355 πρῶτον
317 3283 340 3339 Ο
363 3285 517 3355 praeterB
590 3291 623 3341 15
646 3282 781 3356 πρότερος
804 3303 827 3343 ο.
846 3284 970 3340 Reudler
994 3283 1087 3339 Τίτου.

43 3382 45 3386 >
95 3361 156 3410 .28
229 3362 262 3411 17
287 3353 353 3412 ούτε
378 3353 419 3418 εἰς
442 3351 528 3425 ἀλλην
550 3356 821 3427 κατακεκλεισμένος
842 3373 896 3412 om.
915 3356 1003 3425 ABa,
1023 3354 1087 3409 add.

72 3374 155 3497 ἕως
227 3433 261 3483 22
280 3423 337 3483 ὑπὸ
358 3421 514 3500 βαρύτητος
537 3426 591 3484 del.
610 3429 732 3495 Reudler
749 3428 768 3483 1.
782 3428 802 3485 l.
875 3434 909 3483 23
928 3427 1058 3482 τοιούτολ
1080 3424 1084 3496 Ι

72 3492 161 3552 ούδὲν
178 3498 202 3551 Β
274 3505 310 3554 24
327 3494 538 3570 ὑπομείν<η>τε
557 3501 580 3554 Β
