2454 3916
494 220 659 270 ..1¹-

70 377 132 465 μὲν
148 374 205 458 ,ἐπ’
232 373 354 455 αὐτοὺς
381 374 444 463 τήν
468 374 616 458 εὔζωνόν
638 402 674 444 τε
696 376 752 443 καὶ
775 377 812 443 ἐν
837 375 955 466 ἑτοίμςο
980 375 1083 444 δόνα-

70 512 129 573 μιν
158 482 379 569 ἑπαγόμενος,
408 480 518 551 οὐκέτι
547 481 585 550 δδ
613 487 814 569 καταλαβεῖν
842 480 965 562 αὐτοὺς
992 481 1083 569 φθό-

70 611 132 672 σας
163 595 211 670 είς
240 589 303 678 τήν
335 592 475 658 ἐκείνων
505 587 620 677 χώραν
656 589 791 676 ἐνέβαλε
822 589 878 657 καὶ
909 587 949 658 τδι
983 586 1083 676 ὅμοια

71 698 219 783 διέθηκε.
271 701 408 765 τοιαῦτα
447 697 626 781 συνέβαινε
661 693 768 764 πολλὰ
802 694 975 785 παραλλὰξ
1012 696 1125 764 ἐπα-8

69 807 180 890 τέροις
203 804 256 872 ἐπὶ
278 801 337 883 τὰς
359 796 507 891 ὁμόρους
529 801 638 892 χώρας
657 804 971 890 ἐκστρατευομένοις
994 804 1111 871 ἐλαι-5

71 909 204 998 στόματά
227 937 262 979 τε
284 912 341 978 καὶ
363 909 642 997 πλεονεκτήματα,
660 914 720 998 μία
739 909 777 977 δδ
794 907 906 979 αὐτῶν
925 911 962 978 ίκ
979 933 1084 997 παρα-

69 1017 194 1099 τάξεως
222 1019 353 1104 ἐγένετο
381 1016 468 1104 μόχη
496 1015 647 1104 Φιδήνης
673 1015 801 1105 πόλεως
828 1021 971 1103 πλησίον
1002 1013 1085 1083 ἁπό-

71 1143 147 1203 σαις
170 1123 416 1211 συμβαλόντων
440 1136 513 1203 ταῖς
536 1120 739 1210 δυνάμεσιν,
762 1125 800 1191 ἐν
825 1114 847 1212 ᾖ
875 1123 995 1192 πολλοὶ
1022 1122 1085 1209 μὲν

71 1235 192 1300 ἔπεσον
225 1226 441 1319 ἀμφοτέρων,
473 1232 632 1316 ἐνίκησαν
667 1229 705 1298 δδ
731 1226 888 1316 Ῥωμαῖοι
919 1231 976 1299 καὶ
1006 1227 1086 1309 τοὺς

70 1342 242 1417 Λατίνους
264 1334 459 1424 ἠνάγκασαν
477 1334 636 1414 λιπόντας
652 1332 714 1403 τὸν
735 1333 863 1424 χάρακα
885 1334 1017 1424 νύκτωρ
1037 1340 1085 1415 είς
1099 1363 1126 1402 ιο

70 1440 130 1522 τὰς
153 1443 282 1512 ἑαυτῶν
304 1441 420 1523 πόλεις
442 1440 613 1511 ἀπελθεῖν.

161 1552 213 1617 LI.
240 1548 334 1618 Μετὰ
352 1549 390 1617 δὲ
408 1547 469 1618 τὸυ
487 1546 604 1635 όιγοῖνα
622 1551 745 1616 τοῦτον
765 1552 850 1634 ἔχων
867 1548 1085 1634 συντεταγμέ-

70 1682 137 1742 νην
169 1653 231 1742 τήν
263 1654 436 1743 Ῥωμαίων
474 1654 622 1742 δύναμιν
655 1653 674 1724 ὁ
716 1653 903 1757 Ταρκύνιος
938 1655 991 1722 ἐπὶ
1028 1651 1087 1733 τὰς

69 1761 185 1843 πόλεις
213 1761 325 1831 αὐτῶν
353 1761 470 1850 ἐχώρει
497 1761 621 1849 λόγους
646 1762 829 1851 προφέρων
857 1761 934 1850 περὶ
961 1763 1086 1847 φιλίας.

72 1871 109 1936 οί
130 1866 161 1935 δ’
188 1867 259 1937 οὔτ’
285 1871 323 1937 ἐν
345 1872 391 1961 τῷ
415 1872 518 1961 κοινῷ
543 1871 759 1937 συνεστῶσαν
783 1873 915 1955 ἔχοντες
938 1865 1085 1954 δύναμιν
1100 1890 1126 1932 15

71 1972 149 2042 οὔτε
185 1988 258 2054 ταῖς
294 1979 396 2055 ίδίαις
432 1988 657 2064 παρασκευαῖς
694 1973 895 2054 πεπονθότες
930 1975 1085 2060 ἐδέχοντο

26 2078 136 2161 ῖσοτδις
161 2081 378 2170 προκλήσεις,
409 2083 466 2151 καί
497 2084 727 2172 παρεδίδοσαν
760 2077 872 2150 αὐτῶν
908 2105 998 2160 τινες
1028 2079 1088 2160 τὰς

69 2186 186 2268 πόλεις
213 2185 370 2276 ὁρῶντες,
398 2186 451 2257 ότι
478 2202 551 2268 ταῖς
579 2187 641 2276 μὲν
670 2184 831 2267 όιλοόσαις
856 2183 938 2255 κατὰ
964 2184 1087 2275 κρότος

71 2293 347 2384 ἀνδραποδισμοί
369 2321 405 2364 τε
432 2292 653 2382 ήκολοόθαυν
678 2293 734 2363 καὶ
761 2296 987 2378 κατασκαφαί,
1014 2305 1087 2371 ταῖς

71 2402 111 2470 δὲ
133 2400 410 2494 προσχωρούσαις
432 2398 513 2471 καθ’
535 2396 717 2487 ὁμολογίας
738 2396 777 2466 τὸ
800 2407 997 2487 πειθαρχεῖν
1015 2411 1086 2478 τοῖς
1099 2419 1127 2460 ιο

70 2507 290 2594 κεκρατηκόσι
312 2508 436 2596 μόνον,
458 2505 541 2577 ἄλλο
572 2506 610 2575 δὲ
633 2504 818 2592 ἀνήκεστον
842 2503 952 2582 οὐδέν.
997 2502 1127 2594 πρῶ-2

70 2640 133 2684 τον
156 2612 218 2700 μδν
243 2606 306 2683 οὖν
332 2613 512 2684 Φικόλνεοι
534 2615 742 2704 προσέθεντο
766 2609 855 2704 αὐτῷ
878 2610 976 2691 πόλις
997 2609 1087 2694 ἄξιό-

71 2729 173 2807 λογος
196 2720 249 2789 ἐπὶ
272 2720 503 2808 συγκειμένοις
530 2720 598 2791 τισί
620 2724 778 2804 δικαίοις,
801 2723 912 2789 ἔπειτα
934 2724 1086 2806 Καμαρῖ-

71 2855 139 2914 νοι,
163 2821 216 2907 αἷς
232 2825 474 2914 ήκολοόθησαν
492 2826 592 2898 όλλαι
614 2825 704 2905 τινὲς
720 2830 878 2912 πολίχναι
896 2826 1011 2915 μικραὶ
1029 2827 1086 2895 καί

71 2933 221 3024 φρούρια
245 2933 356 3024 ἐχυρά.
401 2933 454 3021 ἐφ’
477 2929 528 3015 οἷς
550 2933 772 3039 ταραχθέντες
796 2934 831 2999 οί
851 2932 963 3002 λοιποὶ
985 2911 1128 3042 Λατῖ-Ξζν

72 3068 128 3112 νοι
156 3041 213 3109 καὶ
241 3044 410 3122 δείσαντες
438 3038 484 3129 μή
510 3044 578 3109 πᾶν
609 3037 669 3128 ὑφ’
701 3038 806 3132 ἑαυτῷ
838 3036 1018 3126 ποιήσηται
1047 3039 1085 3112 τὸ

146 3271 231 3327 anal
253 3268 327 3328 κατὰ
349 3269 426 3330 τάΒ
508 3278 543 3329 14
560 3270 799 3342 *προσφέρωνΟ
883 3276 916 3324 17
941 3265 995 3329 αότ
1035 3265 1087 3333 ,τὰς

72 3339 171 3406 πόλεις
185 3343 320 3400 αῐῖοίιΙω
374 3349 409 3400 20
422 3340 634 3413 προχωροίσαις
647 3345 673 3399 Α
726 3348 761 3399 ῖῑ
775 3337 843 3397 ἄλλο
857 3341 912 3396 del.
928 3291 1086 3410 θῖομόιιοαι

73 3423 108 3471 22
125 3412 273 3484 φικόλνιοι
286 3413 409 3486 Sylburg
427 3417 575 3484 φιδηναῑοι
588 3415 614 3471 R
628 3416 793 3484 φειδηναῖοι
808 3414 830 3467 Β
843 3412 846 3484 λ
859 3407 936 3469 αὐτῶ
947 3413 1034 3468 Bom.
1044 3412 1084 3483 ΕΙ

73 3483 172 3548 πόλεις
191 3480 356 3554 ἀξιολόγως
374 3486 400 3540 Α
471 3491 506 3541 23
525 3481 555 3540 οἱ
571 3489 731 3556 Καμαρῖνοι
748 3485 774 3539 R
793 3481 822 3539 οἱ
838 3466 936 3540 0111.ss
982 3549 984 3554 A

129 3595 228 3636 Drom.
240 3594 305 3634 Ηιτι.
318 3594 337 3634 1.
351 3603 389 3635 ιο.
403 3594 504 3636 ῖιοοιτ.
893 3571 927 3627 '24
