2454 3916
124 205 231 294 ,εει
587 209 753 260 -r-

163 365 417 452 συναγαγόντος
443 366 526 453 ἐμοῦ
552 364 615 452 τὴν
637 362 767 452 βουλὴν
795 363 915 433 καὶτὰ
939 363 1084 445 δόξαντα
1107 378 1179 444 τοῖς

89 480 92 486 ’
163 472 340 560 συνέδροις
367 473 602 560 γραψαμένου,
628 469 692 558 τὴν
719 470 781 558 μέν
808 470 909 540 πόλιν
936 468 1033 557 ὑμῶν
1056 479 1178 539 καθαι-

163 569 308 665 ρεθῆναι
329 578 386 646 καὶ
409 577 492 667 μήτε
512 582 581 647 τῶν
606 581 780 666 δημοσίων
799 576 881 665 μήτε
903 581 972 646 τῶν
996 581 1177 647 ἰδιωτικῶν

161 683 488 773 κατασκευασμάτων
516 682 628 772 ὀρθόν
659 711 692 753 τι
728 687 825 752 έάσαι
857 685 1030 770 διαμένειν
1063 683 1178 770 μηθέν

122 755 223 884 65ὲῖοι
255 794 324 859 τῶν
357 793 472 879 ίερῶν·
512 788 593 872 τοὺς
624 789 655 859 δ’
685 793 723 860 έν
755 787 839 880 αὐτῇ
875 788 1002 869 πάντας
1038 794 1179 877 ἔχοντας

162 892 222 976 οὓς
252 897 309 965 καὶ
341 900 409 966 νῶν
446 900 563 985 έχουσι
602 896 748 985 κλήρους
783 894 1011 983 άνδραπόδοιν
1047 921 1083 964 τε
1119 897 1177 964 καλ

159 1002 381 1091 βοσκημάτων
399 1003 541 1073 καὶτῶν
560 1002 674 1072 άλλων
697 1002 877 1092 χρημάτων
900 1001 1012 1090 μηθὲν
1036 1000 1177 1091 άφαιρε-

159 1110 284 1189 θέντας
306 1111 344 1178 ἐν
361 1105 471 1197 Ῥάμη
494 1105 555 1177 τὸν
578 1107 645 1178 άπὸ
667 1112 768 1178 τοῦδε
790 1108 917 1197 χρόνον
941 1111 1060 1175 οἰκεῖν·
1090 1106 1176 1195 ὅσην

158 1240 194 1287 τε
216 1211 254 1283 τὸ
276 1211 396 1284 κοινὸν
418 1211 515 1303 ὑμῶν
539 1216 691 1302 ἐκέκτητο
709 1218 775 1302 γῆν
796 1228 868 1295 τοῖς
890 1215 1024 1302 μηθένα
1045 1217 1176 1302 κλῆρον

119 1337 145 1381 1⁰
160 1325 297 1409 ἔχουσιν
326 1319 499 1408 Ἀλβανῶν
537 1325 800 1410 διαμερισθῆναι
831 1321 934 1410 χωρὶς
965 1324 1033 1390 τῶν
1068 1323 1223 1409 ἱερῶνιεο

157 1428 345 1516 κτημάτων,
360 1429 393 1510 ἐξ
413 1418 462 1496 ῶν
482 1430 520 1495 αἱ
534 1433 655 1496 θυσίαι
670 1442 741 1508 τοῖς
753 1436 849 1508 θεοῖς
867 1429 1031 1514 ἐγίνοντο.
1070 1436 1177 1500 οίκων

158 1534 197 1604 δέ
219 1537 434 1620 κατασκευῆς,
457 1536 495 1602 έν
519 1529 571 1615 οἷς
588 1532 667 1614 τοὺς
685 1538 781 1620 βίους
800 1532 984 1622 ἱδρύσεσθε
1003 1537 1039 1602 οί
1054 1562 1176 1622 μεταν-

158 1640 345 1730 ιστάμενοι,
367 1638 448 1709 καθ’
475 1635 536 1720 οὓς
559 1645 693 1709 ἔσονται
720 1644 779 1727 τῆς
800 1640 929 1721 πόλεως
950 1639 1092 1727 τόπους,
1117 1641 1176 1730 ἐμὲ

155 1746 365 1835 ποιήσασθαι
389 1745 572 1834 ’πρόνοιαν
614 1745 895 1835 συλλαμβάνοντα
932 1760 1004 1826 τοῖς
1039 1744 1174 1835 ἄποροι-

116 1903 142 1944 15
155 1852 266 1934 τάτοις
284 1849 381 1941 ὑμῶν
398 1856 457 1941 τῆς
475 1856 524 1934 είς
541 1851 581 1922 τὰ
595 1857 676 1940 ἔργα
691 1851 851 1940 δαπάνης.
887 1852 995 1922 καὶτὸ
1010 1853 1074 1943 μὲν
1088 1852 1173 1923 άλλο

154 1962 286 2047 πλῆθος
313 1956 409 2048 ὑμῶν
440 1957 523 2047 μετά
554 1962 624 2028 τῶν
649 1957 728 2048 παρ’
754 1958 835 2049 ἡμῖν
869 1963 1062 2048 δημοτικῶν
1091 1980 1174 2029 συν-

154 2073 262 2135 τελεῖν
291 2069 339 2147 είς
365 2065 475 2154 φυλὰς
501 2066 557 2133 καὶ
581 2064 732 2154 φράτρας
759 2069 1021 2155 καταμερισθέν,
1044 2071 1174 2154 βουλῆς

156 2172 194 2240 δὲ
216 2173 364 2261 μετέχειν
387 2174 444 2241 καὶ
465 2170 571 2260 άρχὰς
597 2172 784 2261 λαμβάνειν
813 2175 870 2241 καὶ
891 2186 962 2253 τολς
983 2178 1173 2260 πατρικίοις

153 2281 434 2368 προσνεμηθῆναι
464 2278 583 2360 τοόςδε
615 2277 694 2359 τοὺς
722 2286 849 2359 οίκους·
882 2277 1061 2366 Ἰουλίους,
1089 2291 1172 2368 Σερ-

114 2398 141 2440 2⁰
156 2390 321 2472 ουίλίους,
357 2390 563 2473 Κορατίους,
604 2391 836 2471 Κοϊντιλίους,
873 2389 1073 2472 Κλοιλίους,
1111 2393 1171 2455 Γε-

153 2496 308 2579 γανίους,
332 2495 529 2572 Μετιλίους·
557 2493 706 2562 Μέττιον
731 2491 769 2561 δὲ
790 2493 847 2560 καὶ
871 2490 950 2572 τοὺς
973 2489 1038 2560 σὺν
1060 2491 1170 2583 τούτῳ

152 2596 402 2683 βουλεύσαντας
427 2594 491 2684 τὴν
517 2601 707 2686 προδοσίαν
735 2602 831 2678 δίκας
856 2595 1032 2685 ὑποσχεῖν,
1061 2594 1103 2678 δὶς
1126 2595 1170 2669 άν

151 2701 247 2792 ἡμεῖς
272 2702 423 2791 τάξωμεν
451 2705 606 2773 δικασταὶ
632 2706 709 2793 περὶ
736 2703 878 2772 ἑκάστου
903 2708 972 2774 τῶν
1001 2702 1169 2774 ὑπαιτίων

150 2809 388 2898 καθεζόμενοι·
412 2807 541 2879 οὐθένα
558 2808 624 2899 γάρ
643 2807 916 2898 ἀποστερήσομεν
930 2815 1072 2899 κρίσεως
1088 2811 1168 2882 οὐδὲ

111 2927 138 2969 ²5
152 2915 267 3004 λόγου.

221 3116 240 3165 4
258 3104 371 3184 ὄρθδ<ν
391 3107 496 3185 ἐᾶται)
509 3112 532 3165 Β
551 3105 644 3181 ὀρθὸν
659 3106 764 3166 ἐᾶσθαι
780 3129 803 3167 ο.
813 3111 953 3182 Kiessling
1008 3111 1167 3186 ΊμηδδνΑ

151 3188 167 3237 9
185 3177 256 3253 ἡμῖν
273 3185 299 3237 Α
359 3188 391 3236 11
411 3181 510 3238 οἰκιῶν
529 3181 792 3252 θυοταΚδεεεΙίας
855 3189 889 3239 13
909 3181 1035 3256 ἔσονται]
1055 3181 1165 3243 ἕλοισθ’

149 3247 187 3307 ῶν
212 3270 234 3309 ο.
257 3252 397 3309 Βδυλιελθτ
474 3258 506 3310 16
530 3248 643 3324 ἡμῖνΒ
665 3249 774 3324 δμῐνΒ
850 3260 885 3309 20
908 3257 1069 3325 γεγανίους,
1093 3277 1166 3329 μετι-

149 3326 227 3388 λίους
248 3323 279 3378 in
299 3324 448 3395 Opraeber
460 3323 484 3378 B
497 3327 563 3393 post
581 3327 755 3396 σερουϊλίους
771 3327 883 3382 exstant
898 3327 902 3395 Ι
918 3345 969 3397 κορ
980 3369 987 3382 .
998 3330 1097 3392 ατίοος
1115 3329 1138 3383 Β
1157 3328 1162 3401 Ι

149 3393 364 3481 κςυι>ντιλίους
380 3395 404 3450 Β
413 3395 424 3482 j
440 3396 590 3465 γερανίους
609 3396 632 3452 Ο
652 3412 721 3451 corr.
741 3396 900 3467 Stephanus
972 3404 1006 3454 23
1026 3393 1065 3455 δν
1084 3395 1164 3471 ἡμεῖς

149 3467 280 3538 ταξωμεν
297 3466 320 3523 Β
339 3463 367 3537 ἡ.
386 3467 552 3538 ταξομενΡι
624 3473 659 3522 24
678 3461 790 3522 οὐθένα
808 3468 831 3523 Β
850 3464 987 3524 οὖθὲνΒ
