2454 3916
566 230 731 283 ,Β-

143 418 218 459 τιον
241 392 296 459 καὶ
319 387 397 469 τούς
420 387 484 457 σὺν
509 392 624 480 ἐκείνῳ
643 392 809 466 νικῶντας
833 386 989 474 ἐγεγόνει.
1032 392 1158 474 χρόνον

145 497 206 584 μὲν
236 489 298 565 οὖν
325 525 401 565 τινα
436 500 471 564 οί
492 501 638 582 Σαβῖνοι
662 493 839 583 δεξάμενοι
868 493 947 574 τούς
969 492 1204 581 Ῥωμαίουςν35

145 608 303 691 λαμπρῶς
348 602 575 691 ἠγωνίσαντο,
623 608 733 670 ἔπειτα
774 605 909 670 πολλῶν
951 599 1001 669 ἐπ’
1035 599 1160 680 αὐτούς

146 710 336 780 συνιόντων
359 710 534 779 ἐνέκλινάν
557 711 666 778 τεκαὶ
686 711 845 791 διέσωζον
870 706 1009 787 ἑαυτούς
1028 709 1082 776 ἐπὶ
1100 706 1160 776 τὸν

106 847 118 888 ε
146 818 289 906 χάρακα,
311 815 441 904 πολλήν
464 821 526 885 τού
554 822 727 904 Κουρτίου
750 818 954 902 παρέχοντος
976 813 1091 895 αὐτοῖς
1114 820 1161 895 είς

145 924 182 993 τὸ
212 924 256 1012 μή
287 924 470 993 διώκεσθαι
497 926 758 1011 τεταραγμένως,
781 921 865 991 άλλά
892 922 1003 1008 βάδην
1031 921 1161 1009 άποχω-

106 1036 220 1118 5ρείν
249 1029 445 1117 ἀσφάλειαν.
492 1028 592 1110 αύτός
623 1028 686 1117 γάρ
719 1028 861 1115 εἱστήκει
890 1028 1079 1116 μαχόμενος
1105 1031 1160 1098 καὶ

145 1135 206 1204 τὸν
224 1135 397 1225 Ῥωμύλον
421 1136 558 1207 έπιόντα
578 1139 718 1224 ἐδέχετο,
741 1142 873 1223 γίνεταί
892 1162 927 1204 τε
949 1140 1018 1204 τῶν
1041 1133 1161 1223 ήγεμό-
1219 1217 1224 1225 .

146 1270 218 1311 νων
247 1243 360 1313 αὐτῶν
393 1245 634 1333 συμπεσόντων
664 1243 823 1331 ἀλλήλοις
849 1247 951 1331 μέγας
976 1245 1033 1312 καὶ
1060 1243 1162 1323 καλὸς

105 1373 135 1412 10
149 1348 251 1435 άγιόν.
292 1354 425 1440 ἔξαιμος
449 1352 487 1419 δὲ
510 1348 558 1419 ιδν
581 1350 647 1438 ήδη
671 1352 727 1418 καὶ
749 1348 932 1437 καταβελὴς
954 1347 972 1419 ὁ
992 1350 1163 1438 Κούρτιος

145 1456 245 1546 ὑπήει
267 1457 338 1526 κατ’
365 1457 499 1546 ὀλίγον,
521 1460 577 1527 καὶ
601 1456 705 1526 αὐτὸν
729 1460 764 1526 ἐκ
788 1461 857 1526 τῶν
880 1457 1021 1525 κατόπιν
1044 1454 1162 1526 ὑπεδέ-

53 1624 55 1629 .
146 1591 220 1651 χετο
250 1572 351 1652 λίμνη
379 1572 518 1652 βαθεῖα,
548 1561 592 1652 ήν
619 1573 812 1652 περιελθεῖν
844 1563 907 1649 μέν
939 1561 1086 1650 χαλεπὸν
1118 1557 1162 1651 ήν

146 1673 416 1759 περικεχυμένων
447 1671 662 1758 πανταχόθεν
694 1675 763 1739 τῶν
792 1676 977 1758 πολεμίων,
1010 1675 1162 1739 διελθεῖν

148 1777 185 1845 δὲ
209 1776 274 1846 ὑπό
298 1806 333 1846 τε
358 1779 451 1858 ίλύος
473 1781 641 1866 πλήθους,
672 1775 715 1865 ἣν
738 1776 778 1846 τά
801 1781 895 1865 πέριξ
918 1781 1061 1864 τέλματα
1085 1778 1163 1866 εἶχε,

109 1913 134 1952 15
148 1885 203 1952 καὶ
226 1884 359 1971 βάθους
381 1884 504 1965 ὕδατος
521 1890 582 1953 τοῦ
600 1883 682 1953 κατὰ
702 1887 808 1971 μέσην
829 1883 935 1972 αὐτὴν
955 1890 1163 1966 συνεστῶτος

108 1999 128 2060 6
148 1989 287 2078 άπορον.
319 1991 422 2080 ταύτη
442 1991 628 2078 πλησιάσας
649 1997 786 2079 ἔρριψεν
806 1990 926 2060 ἑαυτὸν
946 1997 993 2072 είς
1014 1990 1052 2060 τό
1072 1997 1163 2081 νάμα

148 2097 212 2166 σὺν
242 2113 313 2178 τοῖς
341 2096 472 2185 ὅπλοις,
499 2099 556 2166 καὶ
584 2096 790 2186 όῬωμύλος
819 2097 863 2179 ὡς
893 2097 1012 2168 αὐτίκα
1036 2097 1163 2186 δήτοῦ

147 2203 274 2293 ἀνδρὸς
312 2208 349 2274 έν
390 2210 430 2294 τῇ
469 2210 571 2294 λίμνη
614 2208 939 2294 διαφθαρησομένου
984 2207 1054 2296 (καὶ
1095 2205 1163 2293 ἅμα

148 2311 320 2383 ἀδύνατον
343 2305 387 2400 ήν
410 2310 493 2381 κατὰ
516 2312 675 2400 τέλματός
701 2339 737 2381 τε
760 2311 865 2381 αὐτόν
888 2314 943 2382 καὶ
968 2312 1013 2381 δι’
1039 2311 1164 2393 ὕδατος

109 2449 136 2489 20
150 2425 277 2490 πολλού
301 2420 452 2509 διώκειν)
476 2420 529 2488 ἐπὶ
551 2418 630 2500 τοὺς
653 2409 778 2500 άλλους
801 2426 975 2506 Σαβίνους
992 2422 1209 2507 τρέπεται·3ν6

149 2524 167 2594 ὁ
193 2526 230 2594 δὲ
246 2527 413 2615 Κούρτιος
435 2525 542 2594 πολλά
561 2526 735 2614 μοχθήσας
758 2525 822 2596 σύν
841 2527 952 2618 χρόνῳ
972 2525 1113 2608 σώζεταί
1129 2554 1164 2596 τε

149 2635 184 2700 έκ
207 2637 266 2719 τής
288 2639 408 2720 λίμνης
430 2631 470 2701 τά
490 2631 576 2701 ὅπλα
599 2638 684 2719 έχων
705 2633 760 2700 καὶ
784 2638 832 2713 είς
849 2631 909 2701 τόν
928 2631 1057 2722 χάρακα
1079 2631 1164 2701 άπά-

148 2765 250 2826 γεται.
291 2730 391 2819 οὗτος
414 2737 432 2807 ὁ
456 2738 557 2818 τόπος
580 2737 807 2826 ἀνακέχωσται
830 2739 892 2826 μὲν
915 2738 992 2827 ήδη,
1015 2748 1163 2809 καλεῖται

149 2843 183 2911 δ’
210 2846 242 2925 ἐξ
267 2847 398 2914 ἐκείνου
424 2849 485 2915 τοῦ
512 2845 647 2925 πάθους
674 2845 842 2933 Κούρτιος
869 2845 990 2926 λάκκος
1013 2847 1050 2914 έν
1074 2850 1163 2939 μέσῳ

108 2980 135 3022 τε
149 2950 292 3038 μάλιστα
316 2947 364 3019 ε’δν
387 2955 445 3038 τής
464 2948 637 3037 Ῥωμαίων
659 2950 793 3040 άγορᾶς.

193 3071 213 3112 >
238 3061 422 3127 XXXXIII.
449 3057 618 3148 Ῥωμύλος
641 3059 678 3128 δὲ
700 3057 779 3139 τοὺς
806 3058 930 3139 άλλους
954 3060 1087 3129 διώκων
1113 3064 1164 3148 έγ·

221 3268 515 3361 6τεταραγμένοιςο
540 3308 608 3346 corr.
633 3290 755 3379 Sylburg
781 3291 785 3359 1
810 3285 971 3360 ὑποχωρεῖν
997 3309 1020 3349 ο.
1041 3294 1164 3364 Sylburg

150 3367 166 3416 8
186 3357 301 3431 ἐδέχετο
320 3362 366 3417 Bb
393 3361 507 3433 δέχεται
531 3363 606 3416 ABa
685 3369 718 3416 10
740 3358 798 3431 ήδη
821 3362 870 3417 καλ
894 3359 1054 3436 καταβελὴς
1076 3359 1119 3420 τόν
1144 3366 1164 3418 Β

151 3438 185 3485 14
202 3428 357 3502 πληθύςΑ
381 3434 435 3488 del.
454 3433 558 3488 Reiske
646 3437 678 3486 15
698 3427 791 3502 βάθος
809 3435 835 3488 A
920 3441 953 3489 16
973 3429 1065 3490 αύτὸν
1088 3437 1165 3490 ABa

152 3509 184 3558 18
203 3497 264 3574 ἅμα
284 3500 346 3560 έπελ
364 3498 508 3560 άδύνατον
527 3506 553 3560 R
572 3499 635 3558 έπελ
654 3521 708 3575 ουτ,
728 3505 750 3558 Β
823 3512 856 3559 21
876 3525 906 3561 τε
925 3507 948 3559 Β
968 3523 1022 3562 om.
1042 3508 1068 3561 R
