2454 3916
111 208 154 275 88
535 210 702 264 -A—

199 372 266 439 LV.
311 373 379 438 Ταῦ
412 368 449 437 δὲ
482 371 596 456 μηκέτι
632 372 834 459 προσωτέρω
869 373 930 458 τῆς
960 368 1128 458 Εὐρώπης

110 481 251 545 πλεῦσαι
269 475 329 545 τὸν
348 474 499 563 Τρωικὸν
519 475 641 544 στόλον
662 479 750 544 οἵτε
769 478 913 565 χρησμοὶ
937 486 1040 546 αίτιοι
1057 479 1129 563 ἐγέ-
1182 528 1187 538 .

109 611 213 653 υοντο
236 587 331 664 τέλος
353 583 513 668 λαβόντες
536 585 573 651 ἐν
595 581 728 662 τούτοις
754 598 825 664 τοῖς
851 588 988 673 χωρίοις
1010 584 1066 651 καί
1089 581 1128 652 τὸ

111 691 291 779 δαιμόνιον
314 694 489 777 πολλαχῶς
510 687 572 776 τήν
597 691 718 759 ἑαυτοῦ
733 690 899 777 βούλησιν
913 689 1129 778 ἐνδεικνύμε-

84 816 194 868 5νου·
217 796 331 886 ἐπειδή
354 796 418 887 γάρ
443 795 536 888 όρμηι
559 798 765 885 χρησάμενοι
787 801 835 889 τῷ
860 801 1026 889 Λωρεντῷ
1050 817 1130 885 σκη-

109 903 172 987 νάς
201 906 363 992 ἐπήξαντο
386 905 462 993 περὶ
489 901 547 972 τὸν
576 904 748 990 αἰγιαλόν,
777 903 999 992 πρῶτονμὲν
1022 911 1130 988 πιεζο-

110 1017 225 1100 μένοις
252 1026 323 1093 τοῖς
350 1010 547 1098 άνθριόποις
568 1009 635 1079 ὑπὸ
665 1014 766 1098 δίψης
789 1009 851 1080 οὑκ
875 1016 1011 1097 ἔχοντος
1032 1009 1129 1099 ὕδωρ

109 1123 170 1188 τοῦ
197 1117 303 1187 τόπου
332 1118 432 1209 (λέγω
462 1117 499 1185 δέ
526 1114 661 1207 άπαρδι
687 1122 756 1187 τῶν
784 1120 955 1206 ἐγχωρίων
984 1119 1130 1205 παρέλα-

111 1223 352 1315 βονῗξλιβάδες
375 1222 557 1311 αὐτόματοι
579 1223 729 1310 νάματος
742 1220 883 1311 ήδίστου
897 1226 933 1292 έκ
946 1229 1009 1312 γῆς
1031 1223 1130 1293 άνελ-

73 1348 98 1387 1⁰
111 1336 239 1401 θοῦσαι
262 1331 443 1418 ὤφθησαν,
467 1333 500 1412 ἐξ
524 1322 573 1398 τόν
596 1328 618 1417 ή
640 1357 676 1399 τε
699 1328 837 1419 στρατιά
850 1334 940 1398 πάσα
962 1327 1130 1420 ὑδρεύσα-

110 1466 149 1508 το
169 1440 225 1508 καλ
240 1437 258 1508 ὁ
272 1439 374 1519 τόπος
388 1443 586 1527 περίρρυτος
599 1439 718 1525 γέγονε
737 1440 833 1526 μέχρι
847 1437 1017 1524 θαλάττης
1029 1464 1131 1507 κατα-

72 1545 238 1634 2βάντος
270 1543 334 1613 άπὸ
362 1549 431 1613 τῶν
462 1547 581 1631 πηγῶν
608 1548 669 1612 τοῦ
698 1543 871 1631 ῥεύματος.
915 1548 983 1612 νῦν
1012 1548 1131 1633 μέντοι

23 1699 27 1709 -
111 1651 223 1722 οὐκέτι
246 1651 440 1739 πλήθουσιν
460 1649 543 1719 ὥστε
566 1652 622 1719 καὶ
645 1648 808 1739 άπορρεῖν
831 1654 868 1718 αί
884 1650 1033 1737 λιβάδες,
1057 1650 1127 1721 ἀλλ’

111 1765 202 1829 ἔστιν
222 1757 339 1844 ὀλίγον
358 1756 452 1846 ὑδωρ
472 1760 510 1826 ἐν
531 1763 634 1848 κοίλῳ
658 1763 769 1848 χωρίῳ
790 1756 1006 1845 συνεστηκὸς,
1029 1758 1175 1845 λεγό-Ιι

71 1889 95 1929 15
109 1891 215 1952 μενον
238 1861 306 1932 ὑπὸ
326 1867 395 1932 τῶν
409 1865 580 1951 ἐγχωρίων
603 1862 697 1949 ἱερὸν
720 1861 835 1950 ήλίου·
857 1862 913 1932 καὶ
935 1866 1045 1952 βωμοὶ
1065 1864 1130 1934 δύο

108 1969 188 2059 παρ’
214 1969 304 2063 αὐτῷ
329 1974 537 2056 δείκνυνται,
566 1968 584 2038 ὑ
612 1970 675 2058 μὲν
697 1968 781 2059 πρὸς
804 1969 970 2052 άνατολδις
992 1996 1131 2061 τετραμ-

109 2081 225 2168 μένος,
263 2075 281 2147 ὑ
320 2076 358 2144 δὲ
393 2075 477 2163 πρὸς
515 2076 643 2163 δόσεις,
690 2075 821 2164 Τρωικά
858 2076 1040 2165 ίδράματα,
1077 2077 1127 2166 ἐφ’

111 2176 160 2253 ὧν
181 2182 244 2253 τόν
262 2188 405 2252 Αίνείαν
427 2188 661 2270 μυθολογοῦσι
679 2182 817 2273 πρώτην
838 2189 967 2253 θυσίαν
990 2184 1130 2273 ποιήσα-

74 2298 197 2362 3σθαι
223 2295 269 2385 τῷ
292 2295 364 2383 θεῷ
394 2289 612 2380 χαριστήριον
639 2295 708 2360 τῶν
734 2288 879 2359 ὑδάτωυ.
922 2296 1034 2360 ἔπειτα
1056 2290 1129 2379 άρι-

70 2431 96 2472 εο
110 2421 192 2470 στου
229 2398 347 2480 αὐτοῖς
382 2399 597 2488 αίρονμέυοις
639 2398 692 2466 ἐπὶ
728 2402 790 2465 τοῦ
827 2400 977 2466 δαπέδου
1012 2401 1130 2467 σέλινα

110 2507 173 2595 μὲν
194 2514 333 2586 πολλοῖς
354 2502 546 2592 ὑπέστρωτο
569 2505 625 2572 καὶ
648 2496 692 2591 ήν
718 2507 824 2572 ταῦτα
848 2501 959 2593 ιόσπερ
986 2503 1130 2592 τράπεζα

108 2619 178 2683 τῶν
202 2612 411 2701 ἐδεσμάτων·
440 2609 485 2691 τός
508 2613 548 2680 δέ
569 2616 657 2697 φασί
675 2637 778 2696 τινες,
808 2619 897 2700 ίτρια
919 2616 1050 2699 καρποῦ
1074 2636 1129 2680 πε-

108 2722 275 2808 ποιημένα
294 2724 456 2806 πυρίνου,
479 2716 742 2806 καθαρειότητος
764 2731 848 2797 ταῖς
857 2731 1000 2807 τροφαῖς
1023 2719 1130 2787 ἕνεκα.

111 2828 181 2896 ἐπεὶ
214 2825 252 2894 δέ
284 2828 321 2892 αἱ
350 2834 590 2911 παρατεθεῖσαι
622 2825 744 2912 τροφαὶ
776 2825 1031 2911 κατανάλωντο,
1060 2830 1131 2894 τῶν

71 2963 97 3004 τε
111 2932 379 3037 ὑπεστρωμένων
408 2929 522 3009 αὐτοῖς
551 2937 695 2999 σελίνων
723 2939 787 2998 είτε
811 2935 927 3020 ίτρίων
954 2935 1060 3018 ἔφαγέ
1080 2959 1131 3012 τις

182 3121 465 3194 4ἐπιδεικυόμευου
493 3126 515 3180 Β
608 3133 623 3181 9
652 3121 808 3211 αότόμοιιοι
838 3127 859 3182 Ο
889 3143 958 3182 corr
986 3125 1131 3199 Kiessling
1208 3125 1211 3130 ’

112 3206 145 3255 10
171 3196 309 3324 ἔφθησαν
342 3212 365 3251 c.
393 3197 536 3266 Kiessling
571 3202 575 3266 Ι
597 3193 785 3284 ὑδρεόσαντο
809 3199 835 3252 Α
928 3204 959 3253 11
980 3193 1130 3267 ἐπίρρυτος

110 3266 202 3340 Βλέγ
205 3269 326 3325 ἐνετοΒ
400 3274 434 3322 14
453 3263 623 3354 συνεστηκός
643 3266 674 3324 ἐν
693 3269 776 3324 κοιλῶ
796 3270 937 3355 χωρίωΒ
1003 3274 1037 3323 15
1057 3267 1130 3325 ίλίου

110 3291 202 3397 ΑΒαγ
258 3346 292 3395 λθ
312 3338 408 3394 σέλινα
431 3333 521 3426 μὲν
503 3360 541 3402 ως
559 3339 755 3430 παραδέδρται
773 3344 899 3406 πολλοῖς,
922 3335 1130 3409 ὑπέστρωται.

110 3406 249 3468 Reiske
232 3432 269 3474 ως
286 3409 338 3480 μευ
354 3414 466 3472 πολλοῖς
482 3405 657 3467 άποδέδοται
674 3411 770 3466 σέλινα
787 3411 968 3467 c.B1”10heler
1026 3417 1061 3466 23
1080 3430 1131 3467 κα-

110 3479 283 3554 θαριότητος
302 3483 325 3537 0
345 3499 414 3538 corr
435 3480 523 3537 Cobet
543 3483 607 3539 Obs.
627 3500 654 3552 p
673 3489 707 3538 31
