<?xml version="1.0" encoding="UTF-8"?>
<!DOCTYPE html PUBLIC "-//W3C//DTD XHTML 1.0 Transitional//EN"
    "http://www.w3.org/TR/xhtml1/DTD/xhtml1-transitional.dtd">
<html xmlns="http://www.w3.org/1999/xhtml" xml:lang="en" lang="en">
 <head>
  <title>
</title>
<meta http-equiv="Content-Type" content="text/html;charset=utf-8" />
  <meta name='ocr-system' content='tesseract 3.04.00' />
  <meta name='ocr-capabilities' content='ocr_page ocr_carea ocr_par ocr_line ocrx_word'/>
</head>
<body>
  <div class='ocr_page' id='page_1' title='image "./dionysihalicarn01diongoog_0148.png"; bbox 0 0 2454 3916; ppageno 0'>
   <div class='ocr_carea' id='block_1_1' title="bbox 500 206 666 256">
    <p class='ocr_par' dir='ltr' id='par_1_1' title="bbox 500 206 666 256">
     <span class='ocr_line' id='line_1_1' title="bbox 500 206 666 256; baseline 0.006 -14"><span class='ocrx_word' id='word_1_1' title='bbox 500 206 666 256; x_wconf 69' lang='lat' dir='ltr'>..A-</span> 
     </span>
    </p>
   </div>
   <div class='ocr_carea' id='block_1_2' title="bbox 10 362 1141 3031">
    <p class='ocr_par' dir='ltr' id='par_1_2' title="bbox 10 362 1141 3031">
     <span class='ocr_line' id='line_1_2' title="bbox 77 362 1090 456; baseline 0.002 -24"><span class='ocrx_word' id='word_1_2' title='bbox 77 390 120 456; x_wconf 73' lang='grc' dir='ltr'><strong><em>τςο</em></strong></span> <span class='ocrx_word' id='word_1_3' title='bbox 145 362 166 432; x_wconf 83' lang='grc' dir='ltr'><strong><em>ό</em></strong></span> <span class='ocrx_word' id='word_1_4' title='bbox 189 391 224 433; x_wconf 90' lang='grc' dir='ltr'><strong><em>τε</em></strong></span> <span class='ocrx_word' id='word_1_5' title='bbox 247 363 347 451; x_wconf 80' lang='grc' dir='ltr'><em>λόχος</em></span> <span class='ocrx_word' id='word_1_6' title='bbox 369 362 545 432; x_wconf 89' lang='grc' dir='ltr'><strong><em>άνίσταται</em></strong></span> <span class='ocrx_word' id='word_1_7' title='bbox 571 364 628 430; x_wconf 80' lang='grc' dir='ltr'><strong><em>καὶ</em></strong></span> <span class='ocrx_word' id='word_1_8' title='bbox 657 367 692 431; x_wconf 88' lang='grc' dir='ltr'><strong><em>οί</em></strong></span> <span class='ocrx_word' id='word_1_9' title='bbox 718 363 902 451; x_wconf 79' lang='grc' dir='ltr'><strong><em>φεύγοντες</em></strong></span> <span class='ocrx_word' id='word_1_10' title='bbox 928 362 1090 452; x_wconf 88' lang='grc' dir='ltr'><strong><em>ὑποστρέ-</em></strong></span> 
     </span>
     <span class='ocr_line' id='line_1_3' title="bbox 76 467 1089 559; baseline 0.001 -20"><span class='ocrx_word' id='word_1_11' title='bbox 76 489 190 558; x_wconf 84' lang='grc' dir='ltr'><strong><em>φουσι.</em></strong></span> <span class='ocrx_word' id='word_1_12' title='bbox 240 469 493 558; x_wconf 81' lang='grc' dir='ltr'><strong><em>κυκλωσάμενοι</em></strong></span> <span class='ocrx_word' id='word_1_13' title='bbox 522 468 559 538; x_wconf 69' lang='grc' dir='ltr'><strong><em>δὲ</em></strong></span> <span class='ocrx_word' id='word_1_14' title='bbox 587 467 710 550; x_wconf 82' lang='grc' dir='ltr'><strong><em>αὑτοὺς</em></strong></span> <span class='ocrx_word' id='word_1_15' title='bbox 736 471 792 538; x_wconf 81' lang='grc' dir='ltr'><strong><em>καί</em></strong></span> <span class='ocrx_word' id='word_1_16' title='bbox 824 478 961 550; x_wconf 95' lang='grc' dir='ltr'><strong><em>πολλοῖς</em></strong></span> <span class='ocrx_word' id='word_1_17' title='bbox 990 469 1089 559; x_wconf 90' lang='grc' dir='ltr'><strong><em>άράτ-</em></strong></span> 
     </span>
     <span class='ocr_line' id='line_1_4' title="bbox 75 573 1089 667; baseline -0.002 -21"><span class='ocrx_word' id='word_1_18' title='bbox 75 603 191 657; x_wconf 87' lang='grc' dir='ltr'><strong><em>τοντες</em></strong></span> <span class='ocrx_word' id='word_1_19' title='bbox 213 582 326 656; x_wconf 70' lang='grc' dir='ltr'><strong><em>λάθοις</em></strong></span> <span class='ocrx_word' id='word_1_20' title='bbox 348 575 581 663; x_wconf 78' lang='grc' dir='ltr'><strong><em>λαμβάνουσιν</em></strong></span> <span class='ocrx_word' id='word_1_21' title='bbox 609 573 831 667; x_wconf 87' lang='grc' dir='ltr'><strong><em>ὑποχειρίους.</em></strong></span> <span class='ocrx_word' id='word_1_22' title='bbox 876 575 1002 663; x_wconf 80' lang='grc' dir='ltr'><strong><em>ταύτην</em></strong></span> <span class='ocrx_word' id='word_1_23' title='bbox 1025 574 1089 663; x_wconf 83' lang='grc' dir='ltr'><strong><em>γάρ</em></strong></span> 
     </span>
     <span class='ocr_line' id='line_1_5' title="bbox 75 681 1090 774; baseline -0.001 -22"><span class='ocrx_word' id='word_1_24' title='bbox 75 683 167 772; x_wconf 81' lang='grc' dir='ltr'><strong><em>εἶχον</em></strong></span> <span class='ocrx_word' id='word_1_25' title='bbox 201 685 237 751; x_wconf 77' lang='grc' dir='ltr'><strong><em>ἐκ</em></strong></span> <span class='ocrx_word' id='word_1_26' title='bbox 268 687 337 752; x_wconf 88' lang='grc' dir='ltr'><strong><em>τῶν</em></strong></span> <span class='ocrx_word' id='word_1_27' title='bbox 371 686 543 752; x_wconf 74' lang='grc' dir='ltr'><strong><em>δεσποτῶν</em></strong></span> <span class='ocrx_word' id='word_1_28' title='bbox 579 681 641 770; x_wconf 85' lang='grc' dir='ltr'><strong><em>τήν</em></strong></span> <span class='ocrx_word' id='word_1_29' title='bbox 673 686 933 774; x_wconf 81' lang='grc' dir='ltr'><strong><em>παρακέλευσιν,</em></strong></span> <span class='ocrx_word' id='word_1_30' title='bbox 967 686 1090 764; x_wconf 79' lang='grc' dir='ltr'><strong><em>ζῶντας</em></strong></span> 
     </span>
     <span class='ocr_line' id='line_1_6' title="bbox 71 787 1117 879; baseline -0.003 -19"><span class='ocrx_word' id='word_1_31' title='bbox 71 791 190 870; x_wconf 78' lang='grc' dir='ltr'><strong><em>αὐτοῖς</em></strong></span> <span class='ocrx_word' id='word_1_32' title='bbox 212 788 512 870; x_wconf 89' lang='grc' dir='ltr'><strong><em>τοὺςνεανίσκους</em></strong></span> <span class='ocrx_word' id='word_1_33' title='bbox 533 794 681 877; x_wconf 89' lang='grc' dir='ltr'><strong><em>κομίσαι.</em></strong></span> <span class='ocrx_word' id='word_1_34' title='bbox 721 787 808 859; x_wconf 83' lang='grc' dir='ltr'><strong><em>οὑτω</em></strong></span> <span class='ocrx_word' id='word_1_35' title='bbox 832 789 894 877; x_wconf 70' lang='grc' dir='ltr'><strong><em>μὲν</em></strong></span> <span class='ocrx_word' id='word_1_36' title='bbox 915 788 956 876; x_wconf 83' lang='grc' dir='ltr'><strong><em>δή</em></strong></span> <span class='ocrx_word' id='word_1_37' title='bbox 975 809 1117 879; x_wconf 76' lang='grc' dir='ltr'><strong><em>χωρῶ-5</em></strong></span> 
     </span>
     <span class='ocr_line' id='line_1_7' title="bbox 69 893 511 984; baseline -0.007 -17"><span class='ocrx_word' id='word_1_38' title='bbox 69 899 148 979; x_wconf 78' lang='grc' dir='ltr'><strong><em>θεὶς</em></strong></span> <span class='ocrx_word' id='word_1_39' title='bbox 173 895 191 967; x_wconf 87' lang='grc' dir='ltr'>ὁ</span> <span class='ocrx_word' id='word_1_40' title='bbox 211 895 336 984; x_wconf 87' lang='grc' dir='ltr'><strong><em>Ῥῶμος</em></strong></span> <span class='ocrx_word' id='word_1_41' title='bbox 358 893 511 984; x_wconf 78' lang='grc' dir='ltr'><strong><em>άπήχετο.</em></strong></span> 
     </span>
     <span class='ocr_line' id='line_1_8' title="bbox 109 1019 1089 1152; baseline 0 -63"><span class='ocrx_word' id='word_1_42' title='bbox 109 1028 135 1064; x_wconf 71' lang='lat'><strong>&gt;</strong></span> <span class='ocrx_word' id='word_1_43' title='bbox 163 1024 293 1089; x_wconf 85' lang='lat' dir='ltr'>LXXX.</span> <span class='ocrx_word' id='word_1_44' title='bbox 330 1019 388 1102; x_wconf 79' lang='grc' dir='ltr'><strong><em>Ὡς</em></strong></span> <span class='ocrx_word' id='word_1_45' title='bbox 421 1020 459 1089; x_wconf 70' lang='grc' dir='ltr'><strong><em>δὲ</em></strong></span> <span class='ocrx_word' id='word_1_46' title='bbox 494 1023 673 1109; x_wconf 81' lang='grc' dir='ltr'><strong><em>Τουβέρων</em></strong></span> <span class='ocrx_word' id='word_1_47' title='bbox 707 1030 825 1103; x_wconf 79' lang='grc' dir='ltr'><strong><em>Αἴλιος</em></strong></span> <span class='ocrx_word' id='word_1_48' title='bbox 860 1019 1021 1105; x_wconf 65' lang='grc' dir='ltr'><strong><em>δεινὸς’</em></strong></span> <span class='ocrx_word' id='word_1_49' title='bbox 1003 1019 1089 1152; x_wconf 87' lang='grc' dir='ltr'><strong><em>ανήρ</em></strong></span> 
     </span>
     <span class='ocr_line' id='line_1_9' title="bbox 64 1126 1089 1234; baseline -0.004 -34"><span class='ocrx_word' id='word_1_50' title='bbox 64 1131 126 1234; x_wconf 80' lang='grc' dir='ltr'><strong><em>καὶ</em></strong></span> <span class='ocrx_word' id='word_1_51' title='bbox 151 1127 285 1216; x_wconf 80' lang='grc' dir='ltr'><strong><em>περὶ</em></strong></span> <span class='ocrx_word' id='word_1_52' title='bbox 251 1155 313 1216; x_wconf 84' lang='grc' dir='ltr'><strong><em>τήν</em></strong></span> <span class='ocrx_word' id='word_1_53' title='bbox 337 1126 541 1215; x_wconf 75' lang='grc' dir='ltr'><strong><em>συναγωγήν</em></strong></span> <span class='ocrx_word' id='word_1_54' title='bbox 567 1132 626 1216; x_wconf 82' lang='grc' dir='ltr'><strong><em>τῆς</em></strong></span> <span class='ocrx_word' id='word_1_55' title='bbox 655 1131 804 1215; x_wconf 74' lang='grc' dir='ltr'><strong><em>ἱστορίας</em></strong></span> <span class='ocrx_word' id='word_1_56' title='bbox 833 1127 988 1217; x_wconf 77' lang='grc' dir='ltr'><strong><em>ἐπιμελής</em></strong></span> <span class='ocrx_word' id='word_1_57' title='bbox 1009 1127 1089 1217; x_wconf 73' lang='grc' dir='ltr'><strong><em>γρά-</em></strong></span> 
     </span>
     <span class='ocr_line' id='line_1_10' title="bbox 64 1233 1089 1325; baseline -0.002 -19"><span class='ocrx_word' id='word_1_58' title='bbox 64 1264 145 1325; x_wconf 84' lang='grc' dir='ltr'><strong><em>φει,</em></strong></span> <span class='ocrx_word' id='word_1_59' title='bbox 174 1235 368 1324; x_wconf 74' lang='grc' dir='ltr'><strong><em>προειδότες</em></strong></span> <span class='ocrx_word' id='word_1_60' title='bbox 396 1240 431 1304; x_wconf 76' lang='lat' dir='ltr'><strong><em>oc</em></strong></span> <span class='ocrx_word' id='word_1_61' title='bbox 455 1240 516 1304; x_wconf 83' lang='grc' dir='ltr'><strong><em>τοῦ</em></strong></span> <span class='ocrx_word' id='word_1_62' title='bbox 544 1237 737 1323; x_wconf 80' lang='grc' dir='ltr'><strong><em>Νεμέτορος</em></strong></span> <span class='ocrx_word' id='word_1_63' title='bbox 763 1235 935 1316; x_wconf 76' lang='grc' dir='ltr'><strong><em>θύσοντας</em></strong></span> <span class='ocrx_word' id='word_1_64' title='bbox 956 1233 997 1305; x_wconf 89' lang='grc' dir='ltr'><strong><em>τά</em></strong></span> <span class='ocrx_word' id='word_1_65' title='bbox 1021 1235 1089 1304; x_wconf 87' lang='grc' dir='ltr'><strong><em>Λὺ</em></strong></span> 
     </span>
     <span class='ocr_line' id='line_1_11' title="bbox 61 1339 1129 1434; baseline -0.004 -21"><span class='ocrx_word' id='word_1_66' title='bbox 61 1370 151 1413; x_wconf 87' lang='grc' dir='ltr'><strong><em>καια</em></strong></span> <span class='ocrx_word' id='word_1_67' title='bbox 183 1340 262 1423; x_wconf 83' lang='grc' dir='ltr'><strong><em>τοὺς</em></strong></span> <span class='ocrx_word' id='word_1_68' title='bbox 293 1349 493 1422; x_wconf 85' lang='grc' dir='ltr'><strong><em>νεανίσκους</em></strong></span> <span class='ocrx_word' id='word_1_69' title='bbox 523 1347 569 1434; x_wconf 84' lang='grc' dir='ltr'><strong><em>τῶ</em></strong></span> <span class='ocrx_word' id='word_1_70' title='bbox 600 1343 693 1411; x_wconf 83' lang='grc' dir='ltr'><strong><em>Πανὶ</em></strong></span> <span class='ocrx_word' id='word_1_71' title='bbox 724 1339 786 1429; x_wconf 86' lang='grc' dir='ltr'><strong><em>τήν</em></strong></span> <span class='ocrx_word' id='word_1_72' title='bbox 811 1340 1011 1428; x_wconf 74' lang='grc' dir='ltr'><strong><em>Ἀρκαδικὴν</em></strong></span> <span class='ocrx_word' id='word_1_73' title='bbox 1045 1339 1090 1421; x_wconf 88' lang='grc' dir='ltr'><strong><em>ῶς</em></strong></span> <span class='ocrx_word' id='word_1_74' title='bbox 1104 1361 1129 1400; x_wconf 90' lang='lat'><strong><em>10</em></strong></span> 
     </span>
     <span class='ocr_line' id='line_1_12' title="bbox 63 1411 1089 1538; baseline -0.003 -19"><span class='ocrx_word' id='word_1_75' title='bbox 63 1449 253 1536; x_wconf 77' lang='grc' dir='ltr'><strong><em>Εὔανδρος</em></strong></span> <span class='ocrx_word' id='word_1_76' title='bbox 279 1448 502 1535; x_wconf 82' lang='grc' dir='ltr'><strong><em>κατεστήσατο</em></strong></span> <span class='ocrx_word' id='word_1_77' title='bbox 530 1411 658 1517; x_wconf 78' lang='grc' dir='ltr'><strong><em>θυσίαν</em></strong></span> <span class='ocrx_word' id='word_1_78' title='bbox 692 1447 901 1538; x_wconf 77' lang='grc' dir='ltr'><strong><em>ἐνήδρευσαν</em></strong></span> <span class='ocrx_word' id='word_1_79' title='bbox 931 1447 991 1517; x_wconf 87' lang='grc' dir='ltr'><strong><em>τὸν</em></strong></span> <span class='ocrx_word' id='word_1_80' title='bbox 1018 1475 1089 1516; x_wconf 94' lang='grc' dir='ltr'><strong><em>και-</em></strong></span> 
     </span>
     <span class='ocr_line' id='line_1_13' title="bbox 63 1551 1089 1646; baseline -0.005 -20"><span class='ocrx_word' id='word_1_81' title='bbox 63 1556 136 1646; x_wconf 85' lang='grc' dir='ltr'><strong><em>ρὸν</em></strong></span> <span class='ocrx_word' id='word_1_82' title='bbox 170 1558 299 1624; x_wconf 76' lang='grc' dir='ltr'><strong><em>ἐκεῖνον</em></strong></span> <span class='ocrx_word' id='word_1_83' title='bbox 331 1559 390 1642; x_wconf 83' lang='grc' dir='ltr'><strong><em>τής</em></strong></span> <span class='ocrx_word' id='word_1_84' title='bbox 422 1558 627 1644; x_wconf 83' lang='grc' dir='ltr'><strong><em>ίερουργίας,</em></strong></span> <span class='ocrx_word' id='word_1_85' title='bbox 657 1551 756 1642; x_wconf 89' lang='grc' dir='ltr'><strong><em>ήνίκα</em></strong></span> <span class='ocrx_word' id='word_1_86' title='bbox 788 1558 873 1645; x_wconf 81' lang='grc' dir='ltr'><strong><em>χρῆν</em></strong></span> <span class='ocrx_word' id='word_1_87' title='bbox 903 1554 982 1635; x_wconf 82' lang='grc' dir='ltr'><strong><em>τοὺς</em></strong></span> <span class='ocrx_word' id='word_1_88' title='bbox 1012 1555 1089 1642; x_wconf 82' lang='grc' dir='ltr'><strong><em>περὶ</em></strong></span> 
     </span>
     <span class='ocr_line' id='line_1_14' title="bbox 62 1663 1089 1741; baseline -0.006 -7"><span class='ocrx_word' id='word_1_89' title='bbox 62 1663 107 1734; x_wconf 89' lang='grc' dir='ltr'><strong><em>τὸ</em></strong></span> <span class='ocrx_word' id='word_1_90' title='bbox 133 1663 352 1732; x_wconf 89' lang='grc' dir='ltr'><strong><em>Παλλάντιον</em></strong></span> <span class='ocrx_word' id='word_1_91' title='bbox 377 1664 553 1741; x_wconf 86' lang='grc' dir='ltr'><strong><em>οίκοῶντας</em></strong></span> <span class='ocrx_word' id='word_1_92' title='bbox 579 1665 648 1729; x_wconf 91' lang='grc' dir='ltr'><strong><em>τῶν</em></strong></span> <span class='ocrx_word' id='word_1_93' title='bbox 676 1663 765 1730; x_wconf 93' lang='grc' dir='ltr'><strong><em>νέων</em></strong></span> <span class='ocrx_word' id='word_1_94' title='bbox 793 1663 828 1729; x_wconf 82' lang='grc' dir='ltr'><strong><em>ἐκ</em></strong></span> <span class='ocrx_word' id='word_1_95' title='bbox 851 1665 912 1730; x_wconf 84' lang='grc' dir='ltr'><strong><em>τοῦ</em></strong></span> <span class='ocrx_word' id='word_1_96' title='bbox 936 1666 1089 1729; x_wconf 90' lang='grc' dir='ltr'><strong><em>Λυκαίου</em></strong></span> 
     </span>
     <span class='ocr_line' id='line_1_15' title="bbox 62 1761 1089 1859; baseline -0.005 -19"><span class='ocrx_word' id='word_1_97' title='bbox 62 1768 258 1848; x_wconf 79' lang='grc' dir='ltr'><strong><em>τεθυκότας</em></strong></span> <span class='ocrx_word' id='word_1_98' title='bbox 293 1761 487 1856; x_wconf 75' lang='grc' dir='ltr'><strong><em>περιελθεῖν</em></strong></span> <span class='ocrx_word' id='word_1_99' title='bbox 524 1766 638 1859; x_wconf 84' lang='grc' dir='ltr'><strong><em>δρόμω</em></strong></span> <span class='ocrx_word' id='word_1_100' title='bbox 680 1767 743 1854; x_wconf 85' lang='grc' dir='ltr'><strong><em>τήν</em></strong></span> <span class='ocrx_word' id='word_1_101' title='bbox 785 1765 902 1856; x_wconf 79' lang='grc' dir='ltr'><strong><em>κόμην</em></strong></span> <span class='ocrx_word' id='word_1_102' title='bbox 939 1764 1089 1854; x_wconf 79' lang='grc' dir='ltr'><strong><em>γυμνοὺς</em></strong></span> 
     </span>
     <span class='ocr_line' id='line_1_16' title="bbox 65 1873 1128 1965; baseline -0.003 -20"><span class='ocrx_word' id='word_1_103' title='bbox 65 1875 327 1963; x_wconf 78' lang='grc' dir='ltr'><strong><em>ὑπεζωσμένους</em></strong></span> <span class='ocrx_word' id='word_1_104' title='bbox 349 1873 411 1961; x_wconf 85' lang='grc' dir='ltr'><strong><em>τήν</em></strong></span> <span class='ocrx_word' id='word_1_105' title='bbox 442 1877 527 1942; x_wconf 92' lang='grc' dir='ltr'><strong><em>αίδῶ</em></strong></span> <span class='ocrx_word' id='word_1_106' title='bbox 560 1888 632 1954; x_wconf 88' lang='grc' dir='ltr'><strong><em>ταῖς</em></strong></span> <span class='ocrx_word' id='word_1_107' title='bbox 661 1877 777 1965; x_wconf 88' lang='grc' dir='ltr'><strong><em>δοραῖς</em></strong></span> <span class='ocrx_word' id='word_1_108' title='bbox 803 1878 872 1943; x_wconf 92' lang='grc' dir='ltr'><strong><em>τῶν</em></strong></span> <span class='ocrx_word' id='word_1_109' title='bbox 900 1873 1087 1943; x_wconf 79' lang='grc' dir='ltr'><strong><em>νεοθύτων.</em></strong></span> <span class='ocrx_word' id='word_1_110' title='bbox 1102 1891 1128 1931; x_wconf 78' lang='lat'><strong><em>1⁵</em></strong></span> 
     </span>
     <span class='ocr_line' id='line_1_17' title="bbox 64 1979 1088 2068; baseline -0.007 -14"><span class='ocrx_word' id='word_1_111' title='bbox 64 1987 173 2053; x_wconf 81' lang='grc' dir='ltr'><strong><em>τοῦτο</em></strong></span> <span class='ocrx_word' id='word_1_112' title='bbox 198 1981 235 2049; x_wconf 74' lang='grc' dir='ltr'><strong><em>δὲ</em></strong></span> <span class='ocrx_word' id='word_1_113' title='bbox 257 1979 436 2068; x_wconf 91' lang='grc' dir='ltr'><strong><em>καθαρμόν</em></strong></span> <span class='ocrx_word' id='word_1_114' title='bbox 459 2006 535 2048; x_wconf 87' lang='grc' dir='ltr'><strong><em>τινα</em></strong></span> <span class='ocrx_word' id='word_1_115' title='bbox 564 1984 633 2048; x_wconf 92' lang='grc' dir='ltr'><strong><em>τῶν</em></strong></span> <span class='ocrx_word' id='word_1_116' title='bbox 655 1984 820 2068; x_wconf 76' lang='grc' dir='ltr'><strong><em>κωμητῶν</em></strong></span> <span class='ocrx_word' id='word_1_117' title='bbox 847 1980 989 2068; x_wconf 87' lang='grc' dir='ltr'><strong><em>πάτριον</em></strong></span> <span class='ocrx_word' id='word_1_118' title='bbox 1013 1979 1088 2048; x_wconf 82' lang='grc' dir='ltr'><strong><em>ἐδά-</em></strong></span> 
     </span>
     <span class='ocr_line' id='line_1_18' title="bbox 65 2085 1141 2179; baseline -0.007 -20"><span class='ocrx_word' id='word_1_119' title='bbox 65 2117 167 2176; x_wconf 88' lang='grc' dir='ltr'><strong><em>νατο,</em></strong></span> <span class='ocrx_word' id='word_1_120' title='bbox 191 2085 236 2169; x_wconf 89' lang='grc' dir='ltr'><strong><em>ῶς</em></strong></span> <span class='ocrx_word' id='word_1_121' title='bbox 257 2090 313 2156; x_wconf 81' lang='grc' dir='ltr'><strong><em>καὶ</em></strong></span> <span class='ocrx_word' id='word_1_122' title='bbox 332 2091 398 2156; x_wconf 85' lang='grc' dir='ltr'><strong><em>νῶν</em></strong></span> <span class='ocrx_word' id='word_1_123' title='bbox 422 2092 469 2155; x_wconf 78' lang='grc' dir='ltr'><strong><em>ἔτι</em></strong></span> <span class='ocrx_word' id='word_1_124' title='bbox 493 2090 621 2177; x_wconf 84' lang='grc' dir='ltr'><strong><em>δρᾶται.</em></strong></span> <span class='ocrx_word' id='word_1_125' title='bbox 663 2089 700 2155; x_wconf 86' lang='grc' dir='ltr'><strong><em>έν</em></strong></span> <span class='ocrx_word' id='word_1_126' title='bbox 725 2085 767 2174; x_wconf 85' lang='grc' dir='ltr'><strong><em>δή</em></strong></span> <span class='ocrx_word' id='word_1_127' title='bbox 786 2087 892 2179; x_wconf 82' lang='grc' dir='ltr'><strong><em>τοάτω</em></strong></span> <span class='ocrx_word' id='word_1_128' title='bbox 911 2091 956 2179; x_wconf 76' lang='grc' dir='ltr'><strong><em>τῷ</em></strong></span> <span class='ocrx_word' id='word_1_129' title='bbox 975 2085 1087 2179; x_wconf 78' lang='grc' dir='ltr'><strong><em>χρόνῳ</em></strong></span> <span class='ocrx_word' id='word_1_130' title='bbox 1106 2087 1141 2175; x_wconf 47' lang='grc'><strong><em>2,</em></strong></span> 
     </span>
     <span class='ocr_line' id='line_1_19' title="bbox 10 2192 1089 2283; baseline -0.006 -16"><span class='ocrx_word' id='word_1_131' title='bbox 10 2194 151 2277; x_wconf 54' lang='grc' dir='ltr'><strong><em>ῑο8τοὺς</em></strong></span> <span class='ocrx_word' id='word_1_132' title='bbox 184 2192 374 2283; x_wconf 76' lang='grc' dir='ltr'><strong><em>ἱεροποιοὺς</em></strong></span> <span class='ocrx_word' id='word_1_133' title='bbox 406 2200 606 2273; x_wconf 90' lang='grc' dir='ltr'><strong><em>νεανίσκους</em></strong></span> <span class='ocrx_word' id='word_1_134' title='bbox 634 2196 670 2261; x_wconf 85' lang='grc' dir='ltr'><strong><em>οί</em></strong></span> <span class='ocrx_word' id='word_1_135' title='bbox 692 2193 854 2280; x_wconf 83' lang='grc' dir='ltr'><strong><em>βουκόλοι</em></strong></span> <span class='ocrx_word' id='word_1_136' title='bbox 886 2192 1089 2281; x_wconf 80' lang='grc' dir='ltr'><strong><em>λοχήσαντες</em></strong></span> 
     </span>
     <span class='ocr_line' id='line_1_20' title="bbox 67 2297 1087 2387; baseline -0.006 -15"><span class='ocrx_word' id='word_1_137' title='bbox 67 2301 154 2372; x_wconf 88' lang='grc' dir='ltr'><strong><em>κατά</em></strong></span> <span class='ocrx_word' id='word_1_138' title='bbox 187 2300 226 2371; x_wconf 87' lang='grc' dir='ltr'><strong><em>τὸ</em></strong></span> <span class='ocrx_word' id='word_1_139' title='bbox 258 2301 466 2387; x_wconf 87' lang='grc' dir='ltr'><strong><em>στενόπορον</em></strong></span> <span class='ocrx_word' id='word_1_140' title='bbox 498 2304 557 2386; x_wconf 85' lang='grc' dir='ltr'><strong><em>τής</em></strong></span> <span class='ocrx_word' id='word_1_141' title='bbox 589 2297 691 2385; x_wconf 83' lang='grc' dir='ltr'><strong><em>ὁδοῦ,</em></strong></span> <span class='ocrx_word' id='word_1_142' title='bbox 728 2298 842 2386; x_wconf 82' lang='grc' dir='ltr'><strong><em>ἐπειδὴ</em></strong></span> <span class='ocrx_word' id='word_1_143' title='bbox 878 2297 916 2368; x_wconf 88' lang='grc' dir='ltr'><strong><em>τὸ</em></strong></span> <span class='ocrx_word' id='word_1_144' title='bbox 944 2303 1087 2386; x_wconf 78' lang='grc' dir='ltr'><strong><em>,πρῶτον</em></strong></span> 
     </span>
     <span class='ocr_line' id='line_1_21' title="bbox 68 2403 1127 2500; baseline -0.006 -21"><span class='ocrx_word' id='word_1_145' title='bbox 68 2410 181 2497; x_wconf 78' lang='grc' dir='ltr'><strong><em>τάγμα</em></strong></span> <span class='ocrx_word' id='word_1_146' title='bbox 212 2407 250 2476; x_wconf 85' lang='grc' dir='ltr'><strong><em>τὸ</em></strong></span> <span class='ocrx_word' id='word_1_147' title='bbox 280 2404 344 2476; x_wconf 87' lang='grc' dir='ltr'><strong><em>σὺν</em></strong></span> <span class='ocrx_word' id='word_1_148' title='bbox 375 2411 421 2500; x_wconf 77' lang='grc' dir='ltr'><strong><em>τῷ</em></strong></span> <span class='ocrx_word' id='word_1_149' title='bbox 449 2404 564 2498; x_wconf 78' lang='grc' dir='ltr'><strong><em>Ῥῶμω</em></strong></span> <span class='ocrx_word' id='word_1_150' title='bbox 592 2403 663 2475; x_wconf 87' lang='grc' dir='ltr'><strong><em>κατ’</em></strong></span> <span class='ocrx_word' id='word_1_151' title='bbox 690 2403 812 2485; x_wconf 83' lang='grc' dir='ltr'><strong><em>αὑτοὺς</em></strong></span> <span class='ocrx_word' id='word_1_152' title='bbox 844 2406 987 2493; x_wconf 80' lang='grc' dir='ltr'><strong><em>ἐγένετο,</em></strong></span> <span class='ocrx_word' id='word_1_153' title='bbox 1018 2407 1087 2474; x_wconf 89' lang='grc' dir='ltr'><strong><em>τῶν</em></strong></span> <span class='ocrx_word' id='word_1_154' title='bbox 1101 2439 1127 2480; x_wconf 78' lang='lat'><strong><em>20</em></strong></span> 
     </span>
     <span class='ocr_line' id='line_1_22' title="bbox 70 2508 1087 2604; baseline -0.006 -19"><span class='ocrx_word' id='word_1_155' title='bbox 70 2515 159 2604; x_wconf 81' lang='grc' dir='ltr'><strong><em>ἀμφὶ</em></strong></span> <span class='ocrx_word' id='word_1_156' title='bbox 180 2513 351 2602; x_wconf 85' lang='grc' dir='ltr'><strong><em>Ῥωμύλον</em></strong></span> <span class='ocrx_word' id='word_1_157' title='bbox 369 2540 404 2582; x_wconf 89' lang='grc' dir='ltr'><strong><em>τε</em></strong></span> <span class='ocrx_word' id='word_1_158' title='bbox 422 2514 478 2581; x_wconf 80' lang='grc' dir='ltr'><strong><em>καὶ</em></strong></span> <span class='ocrx_word' id='word_1_159' title='bbox 497 2511 610 2581; x_wconf 88' lang='grc' dir='ltr'><strong><em>άλλωυ</em></strong></span> <span class='ocrx_word' id='word_1_160' title='bbox 626 2510 870 2600; x_wconf 79' lang='grc' dir='ltr'><strong><em>ὑστεριζόντων</em></strong></span> <span class='ocrx_word' id='word_1_161' title='bbox 894 2513 1004 2602; x_wconf 75' lang='grc' dir='ltr'><strong><em>(τριχῇ</em></strong></span> <span class='ocrx_word' id='word_1_162' title='bbox 1023 2508 1087 2599; x_wconf 84' lang='grc' dir='ltr'><strong><em>γάρ</em></strong></span> 
     </span>
     <span class='ocr_line' id='line_1_23' title="bbox 72 2617 1087 2709; baseline -0.006 -18"><span class='ocrx_word' id='word_1_163' title='bbox 72 2623 275 2709; x_wconf 79' lang='grc' dir='ltr'><strong><em>ἐνενέμηντο</em></strong></span> <span class='ocrx_word' id='word_1_164' title='bbox 293 2621 350 2687; x_wconf 82' lang='grc' dir='ltr'><strong><em>καὶ</em></strong></span> <span class='ocrx_word' id='word_1_165' title='bbox 373 2621 409 2688; x_wconf 81' lang='grc' dir='ltr'><strong><em>ἐκ</em></strong></span> <span class='ocrx_word' id='word_1_166' title='bbox 433 2618 656 2706; x_wconf 87' lang='grc' dir='ltr'><strong><em>διαστήματος</em></strong></span> <span class='ocrx_word' id='word_1_167' title='bbox 679 2619 793 2707; x_wconf 81' lang='grc' dir='ltr'><strong><em>ἔθεον)</em></strong></span> <span class='ocrx_word' id='word_1_168' title='bbox 814 2617 855 2687; x_wconf 85' lang='grc' dir='ltr'><strong><em>οὐ</em></strong></span> <span class='ocrx_word' id='word_1_169' title='bbox 878 2623 1087 2706; x_wconf 89' lang='grc' dir='ltr'><strong><em>περιμείναν-</em></strong></span> 
     </span>
     <span class='ocr_line' id='line_1_24' title="bbox 71 2724 1087 2816; baseline -0.004 -19"><span class='ocrx_word' id='word_1_170' title='bbox 71 2755 125 2809; x_wconf 91' lang='grc' dir='ltr'><strong><em>τες</em></strong></span> <span class='ocrx_word' id='word_1_171' title='bbox 151 2724 231 2807; x_wconf 89' lang='grc' dir='ltr'><strong><em>τοὺς</em></strong></span> <span class='ocrx_word' id='word_1_172' title='bbox 257 2724 396 2806; x_wconf 89' lang='grc' dir='ltr'><strong><em>λοιποὺς</em></strong></span> <span class='ocrx_word' id='word_1_173' title='bbox 424 2724 573 2816; x_wconf 80' lang='grc' dir='ltr'><strong><em>ὁρμῶσιν</em></strong></span> <span class='ocrx_word' id='word_1_174' title='bbox 602 2727 655 2795; x_wconf 81' lang='grc' dir='ltr'><strong><em>ε’πὶ</em></strong></span> <span class='ocrx_word' id='word_1_175' title='bbox 681 2725 761 2806; x_wconf 82' lang='grc' dir='ltr'><strong><em>τοὺς</em></strong></span> <span class='ocrx_word' id='word_1_176' title='bbox 787 2724 940 2812; x_wconf 87' lang='grc' dir='ltr'><strong><em>πρῶτους</em></strong></span> <span class='ocrx_word' id='word_1_177' title='bbox 968 2724 1087 2814; x_wconf 78' lang='grc' dir='ltr'><strong><em>ἐμβοή-</em></strong></span> 
     </span>
     <span class='ocr_line' id='line_1_25' title="bbox 74 2831 1088 2923; baseline -0.004 -19"><span class='ocrx_word' id='word_1_178' title='bbox 74 2855 193 2914; x_wconf 86' lang='grc' dir='ltr'><strong><em>σαντες</em></strong></span> <span class='ocrx_word' id='word_1_179' title='bbox 215 2831 340 2923; x_wconf 88' lang='grc' dir='ltr'><strong><em>άθρόοι</em></strong></span> <span class='ocrx_word' id='word_1_180' title='bbox 362 2835 417 2902; x_wconf 82' lang='grc' dir='ltr'><strong><em>καλ</em></strong></span> <span class='ocrx_word' id='word_1_181' title='bbox 443 2831 658 2920; x_wconf 79' lang='grc' dir='ltr'><strong><em>περιστάντες</em></strong></span> <span class='ocrx_word' id='word_1_182' title='bbox 686 2837 828 2920; x_wconf 73' lang='grc' dir='ltr'><strong><em>ἔβαλλον</em></strong></span> <span class='ocrx_word' id='word_1_183' title='bbox 853 2835 887 2902; x_wconf 88' lang='grc' dir='ltr'><strong><em>οί</em></strong></span> <span class='ocrx_word' id='word_1_184' title='bbox 904 2832 965 2921; x_wconf 74' lang='grc' dir='ltr'><strong><em>μὲν</em></strong></span> <span class='ocrx_word' id='word_1_185' title='bbox 989 2831 1088 2900; x_wconf 92' lang='grc' dir='ltr'><strong><em>άκον-</em></strong></span> 
     </span>
     <span class='ocr_line' id='line_1_26' title="bbox 73 2937 1127 3031; baseline 0.002 -21"><span class='ocrx_word' id='word_1_186' title='bbox 73 2947 168 3028; x_wconf 86' lang='grc' dir='ltr'><strong><em>τίοις,</em></strong></span> <span class='ocrx_word' id='word_1_187' title='bbox 193 2943 229 3008; x_wconf 87' lang='grc' dir='ltr'><strong><em>οί</em></strong></span> <span class='ocrx_word' id='word_1_188' title='bbox 249 2939 287 3008; x_wconf 71' lang='grc' dir='ltr'><strong><em>δὲ</em></strong></span> <span class='ocrx_word' id='word_1_189' title='bbox 310 2945 432 3026; x_wconf 90' lang='grc' dir='ltr'><strong><em>λίθοις,</em></strong></span> <span class='ocrx_word' id='word_1_190' title='bbox 457 2944 493 3009; x_wconf 88' lang='grc' dir='ltr'><strong><em>οί</em></strong></span> <span class='ocrx_word' id='word_1_191' title='bbox 513 2938 545 3007; x_wconf 93' lang='grc' dir='ltr'><strong><em>δ’</em></strong></span> <span class='ocrx_word' id='word_1_192' title='bbox 568 2938 613 3020; x_wconf 86' lang='grc' dir='ltr'><strong><em>ῶς</em></strong></span> <span class='ocrx_word' id='word_1_193' title='bbox 631 2943 767 3009; x_wconf 79' lang='grc' dir='ltr'><strong><em>ἕκαστοί</em></strong></span> <span class='ocrx_word' id='word_1_194' title='bbox 785 2966 818 3008; x_wconf 90' lang='grc' dir='ltr'><strong><em>τι</em></strong></span> <span class='ocrx_word' id='word_1_195' title='bbox 837 2938 893 3008; x_wconf 88' lang='grc' dir='ltr'><strong><em>διά</em></strong></span> <span class='ocrx_word' id='word_1_196' title='bbox 909 2938 1021 3031; x_wconf 89' lang='grc' dir='ltr'><strong><em>χειρὸς</em></strong></span> <span class='ocrx_word' id='word_1_197' title='bbox 1043 2937 1087 3008; x_wconf 83' lang='grc' dir='ltr'><strong><em>εί·</em></strong></span> <span class='ocrx_word' id='word_1_198' title='bbox 1101 2970 1127 3012; x_wconf 76' lang='grc' dir='ltr'><strong><em>τε</em></strong></span> 
     </span>
    </p>
   </div>
   <div class='ocr_carea' id='block_1_3' title="bbox 75 3184 1087 3542">
    <p class='ocr_par' dir='ltr' id='par_1_3' title="bbox 145 3184 1087 3274">
     <span class='ocr_line' id='line_1_27' title="bbox 145 3184 1087 3274; baseline -0.001 -29"><span class='ocrx_word' id='word_1_199' title='bbox 145 3196 162 3245; x_wconf 77' lang='grc'>6</span> <span class='ocrx_word' id='word_1_200' title='bbox 174 3184 275 3273; x_wconf 82' lang='grc' dir='ltr'><strong><em>ράμος</em></strong></span> <span class='ocrx_word' id='word_1_201' title='bbox 292 3189 317 3243; x_wconf 77' lang='lat' dir='ltr'>A</span> <span class='ocrx_word' id='word_1_202' title='bbox 336 3186 470 3274; x_wconf 73' lang='grc' dir='ltr'><strong><em>ρ&lt;ῶ&gt;ρος</em></strong></span> <span class='ocrx_word' id='word_1_203' title='bbox 483 3189 531 3243; x_wconf 91' lang='lat' dir='ltr'><strong><em>Bb</em></strong></span> <span class='ocrx_word' id='word_1_204' title='bbox 551 3185 582 3257; x_wconf 74' lang='grc' dir='ltr'><strong><em>όέ</em></strong></span> <span class='ocrx_word' id='word_1_205' title='bbox 584 3190 688 3258; x_wconf 80' lang='grc' dir='ltr'><strong><em>χιοςΒο</em></strong></span> <span class='ocrx_word' id='word_1_206' title='bbox 706 3190 826 3260; x_wconf 70' lang='lat' dir='ltr'>posthac</span> <span class='ocrx_word' id='word_1_207' title='bbox 845 3190 974 3246; x_wconf 79' lang='lat' dir='ltr'><strong>codicum</strong></span> <span class='ocrx_word' id='word_1_208' title='bbox 988 3189 1087 3244; x_wconf 76' lang='lat' dir='ltr'>lectio-</span> 
     </span>
    </p>

    <p class='ocr_par' dir='ltr' id='par_1_4' title="bbox 75 3257 1086 3330">
     <span class='ocr_line' id='line_1_28' title="bbox 75 3257 1086 3330; baseline -0.002 -16"><span class='ocrx_word' id='word_1_209' title='bbox 75 3277 122 3316; x_wconf 78' lang='lat' dir='ltr'><strong><em>nes</em></strong></span> <span class='ocrx_word' id='word_1_210' title='bbox 153 3260 346 3330; x_wconf 75' lang='lat' dir='ltr'><strong>discrepantes</strong></span> <span class='ocrx_word' id='word_1_211' title='bbox 377 3260 460 3315; x_wconf 83' lang='lat' dir='ltr'>huius</span> <span class='ocrx_word' id='word_1_212' title='bbox 492 3260 567 3316; x_wconf 75' lang='lat' dir='ltr'><strong>vocis</strong></span> <span class='ocrx_word' id='word_1_213' title='bbox 594 3276 650 3315; x_wconf 87' lang='lat' dir='ltr'><strong><em>non</em></strong></span> <span class='ocrx_word' id='word_1_214' title='bbox 677 3261 782 3316; x_wconf 72' lang='lat' dir='ltr'><strong>notabo</strong></span> <span class='ocrx_word' id='word_1_215' title='bbox 869 3267 917 3316; x_wconf 80' lang='lat'><strong><em>12·</em></strong></span> <span class='ocrx_word' id='word_1_216' title='bbox 927 3257 1037 3330; x_wconf 75' lang='grc' dir='ltr'><strong><em>*ἐχρῆν</em></strong></span> <span class='ocrx_word' id='word_1_217' title='bbox 1063 3257 1086 3312; x_wconf 90' lang='grc' dir='ltr'>Ο</span> 
     </span>
    </p>

    <p class='ocr_par' dir='ltr' id='par_1_5' title="bbox 110 3326 1087 3418">
     <span class='ocr_line' id='line_1_29' title="bbox 110 3326 1087 3418; baseline -0.005 -32"><span class='ocrx_word' id='word_1_218' title='bbox 110 3337 143 3386; x_wconf 77' lang='grc'><strong><em>13</em></strong></span> <span class='ocrx_word' id='word_1_219' title='bbox 161 3331 219 3386; x_wconf 88' lang='grc' dir='ltr'><strong><em>τῶν</em></strong></span> <span class='ocrx_word' id='word_1_220' title='bbox 237 3331 389 3402; x_wconf 85' lang='grc' dir='ltr'><strong><em>νομέωνο.</em></strong></span> <span class='ocrx_word' id='word_1_221' title='bbox 408 3331 546 3386; x_wconf 77' lang='lat' dir='ltr'><strong>Bucheler</strong></span> <span class='ocrx_word' id='word_1_222' title='bbox 601 3337 705 3386; x_wconf 74' lang='lat'>14-15</span> <span class='ocrx_word' id='word_1_223' title='bbox 723 3326 1087 3418; x_wconf 81' lang='grc' dir='ltr'><strong><em>τεθυκότας-ὑπεζωσμέ-</em></strong></span> 
     </span>
    </p>

    <p class='ocr_par' dir='ltr' id='par_1_6' title="bbox 77 3393 1085 3542">
     <span class='ocr_line' id='line_1_30' title="bbox 77 3393 1085 3472; baseline -0.004 -17"><span class='ocrx_word' id='word_1_224' title='bbox 77 3420 141 3466; x_wconf 80' lang='grc' dir='ltr'><strong><em>κους</em></strong></span> <span class='ocrx_word' id='word_1_225' title='bbox 160 3419 214 3458; x_wconf 88' lang='lat' dir='ltr'><strong><em>om</em></strong></span> <span class='ocrx_word' id='word_1_226' title='bbox 225 3403 281 3472; x_wconf 74' lang='lat' dir='ltr'><strong><em>Aa,</em></strong></span> <span class='ocrx_word' id='word_1_227' title='bbox 296 3403 359 3458; x_wconf 74' lang='lat' dir='ltr'>add.</span> <span class='ocrx_word' id='word_1_228' title='bbox 374 3404 465 3472; x_wconf 82' lang='lat' dir='ltr'><strong>Amg.</strong></span> <span class='ocrx_word' id='word_1_229' title='bbox 521 3408 555 3457; x_wconf 74' lang='lat'><strong><em>19</em></strong></span> <span class='ocrx_word' id='word_1_230' title='bbox 569 3398 601 3456; x_wconf 85' lang='grc' dir='ltr'><strong><em>τό</em></strong></span> <span class='ocrx_word' id='word_1_231' title='bbox 616 3421 637 3456; x_wconf 89' lang='grc' dir='ltr'><strong><em>π</em></strong></span> <span class='ocrx_word' id='word_1_232' title='bbox 655 3398 811 3457; x_wconf 90' lang='grc' dir='ltr'><strong><em>ῶτονΒ</em></strong></span> <span class='ocrx_word' id='word_1_233' title='bbox 781 3423 813 3457; x_wconf 92' lang='grc' dir='ltr'><strong><em>το</em></strong></span> <span class='ocrx_word' id='word_1_234' title='bbox 828 3421 883 3459; x_wconf 90' lang='lat' dir='ltr'><strong><em>om</em></strong></span> <span class='ocrx_word' id='word_1_235' title='bbox 897 3404 923 3456; x_wconf 83' lang='lat' dir='ltr'>R</span> <span class='ocrx_word' id='word_1_236' title='bbox 976 3406 1010 3454; x_wconf 78' lang='lat'><strong><em>20</em></strong></span> <span class='ocrx_word' id='word_1_237' title='bbox 1024 3393 1085 3453; x_wconf 85' lang='grc' dir='ltr'><strong><em>κατ’</em></strong></span> 
     </span>
     <span class='ocr_line' id='line_1_31' title="bbox 78 3445 928 3542; baseline 0.002 -16"><span class='ocrx_word' id='word_1_238' title='bbox 78 3468 182 3536; x_wconf 83' lang='grc' dir='ltr'><strong><em>αότοὺς</em></strong></span> <span class='ocrx_word' id='word_1_239' title='bbox 202 3445 316 3542; x_wconf 73' lang='grc' dir='ltr'><strong><em>ἐγένετο</em></strong></span> <span class='ocrx_word' id='word_1_240' title='bbox 335 3491 389 3530; x_wconf 87' lang='lat' dir='ltr'><strong><em>om</em></strong></span> <span class='ocrx_word' id='word_1_241' title='bbox 409 3474 431 3527; x_wconf 94' lang='lat' dir='ltr'><strong>B</strong></span> <span class='ocrx_word' id='word_1_242' title='bbox 504 3479 537 3528; x_wconf 80' lang='lat'><strong><em>21</em></strong></span> <span class='ocrx_word' id='word_1_243' title='bbox 557 3473 614 3528; x_wconf 88' lang='grc' dir='ltr'><strong><em>τῶν</em></strong></span> <span class='ocrx_word' id='word_1_244' title='bbox 633 3477 766 3530; x_wconf 89' lang='grc' dir='ltr'><strong><em>αλλωνο.</em></strong></span> <span class='ocrx_word' id='word_1_245' title='bbox 785 3473 928 3542; x_wconf 76' lang='lat' dir='ltr'>Kiessling</span> 
     </span>
    </p>
   </div>
   <div class='ocr_carea' id='block_1_4' title="bbox 0 0 1246 3916">
    <p class='ocr_par' dir='ltr' id='par_1_7' title="bbox 0 0 1246 3916">
     <span class='ocr_line' id='line_1_32' title="bbox 0 0 1246 3916; baseline 0 0"><span class='ocrx_word' id='word_1_246' title='bbox 0 0 1246 3916; x_wconf 95' lang='lat' dir='ltr'><strong><em> </em></strong></span> 
     </span>
    </p>
   </div>
  </div>
 </body>
</html>
