2454 3916
499 227 663 279 ..Γ-

71 381 134 472 τῆν
163 386 358 452 παναθλίαν
386 381 539 471 ἀδελφὴν
566 381 795 473 ἀποστερήσας
821 383 948 472 γάμου,
976 376 1002 453 ῶ
1030 384 1087 454 δά-

72 495 188 578 στηυεῖ
225 488 298 558 ἀλλ’
325 487 400 558 οὐδ’
426 495 517 570 ἔλεος
545 492 730 579 εἰσέρχεταί
754 511 791 560 σε
817 494 886 560 τῶν
916 488 1087 560 ἀπολωλό-

70 623 141 667 των
174 599 365 683 συγγενῶν,
403 591 462 676 οὓς
492 594 663 684 ἀδελφοὺς
694 595 836 684 ἐκάλεις,
867 595 940 667 ἀλλ’
976 595 1087 686 ῶσπερ

71 702 206 790 ἀγαθόν
242 729 275 772 τι
312 704 600 789 διαπεπραγμένος
636 704 809 790 ἐξέστηκας
843 708 912 773 τῶν
950 708 1086 792 φρενῶν

70 808 137 880 ὑπὸ
155 813 215 897 τῆς
232 806 360 896 ῆδουῆς
382 810 438 877 καὶ
462 808 651 896 στεφάνους
669 811 722 878 ἐπὶ
743 824 813 890 τοῖς
830 810 997 891 τοιούτοις
1020 812 1114 879 ἐπί-ε

69 936 180 985 κεισαι
216 929 330 996 κακοῖς
364 920 458 995 τίνος
494 921 580 1003 ἔχων
612 914 724 1004 ψυχῆν
755 921 899 1005 θηρίου;
935 915 1127 998 κάκεῖνος6

70 1021 269 1109 ὑπολαβῶν,
305 1025 506 1107 Φιλοῦντος,
549 1027 629 1110 ἔφη,
669 1020 731 1110 τῆν
768 1028 913 1110 πατρίδα
947 1030 1088 1094 πολίτου

69 1130 128 1199 καὶ
150 1126 229 1209 τοὺς
251 1133 360 1209 κακῶς
383 1127 466 1218 αὐτῆ
487 1131 718 1216 βουλομένους
737 1130 946 1218 κολάζοντος,
970 1132 1030 1201 ἐάν
1053 1159 1089 1201 τε

71 1234 245 1322 ἀλλότριοι
266 1235 413 1322 τύχωσιν
436 1233 539 1322 αὐτῆς
563 1234 669 1322 ὄντες,
688 1236 747 1305 ἐάν
766 1264 801 1306 τε
825 1242 955 1307 οἰκεῖοι·
979 1241 1016 1307 ἐν
1038 1234 1089 1319 οἷς

70 1349 208 1430 τίθεμαι
230 1343 286 1410 καὶ
309 1343 357 1427 σε’,
379 1339 453 1428 ῆτις
476 1342 527 1409 ἑνὶ
550 1345 655 1433 καιρῷ
673 1339 714 1410 τά
732 1344 870 1429 μέγιστα
888 1343 1031 1431 ἀγαθῶν
1053 1352 1130 1413 τείο

24 1451 134 1520 ιεικαί
152 1453 263 1519 κακῶν
283 1447 516 1536 συμβεβηκότα
539 1445 620 1535 ῆμῖυ
644 1450 827 1535 ἐπιγνοῦσα
844 1450 907 1537 τῆν
929 1478 965 1521 τε
988 1455 1087 1539 νίκην

71 1561 131 1645 τῆς
149 1560 320 1645 πατρίδος,
337 1551 382 1642 ῆν
404 1551 422 1622 ὁ
441 1552 501 1634 σὸς
519 1552 666 1640 ἀδελφὸς
684 1553 749 1641 ἐγὼ
767 1555 904 1647 πάρειμι
922 1557 1088 1645 κατάγων,

70 1665 129 1734 καὶ
151 1661 212 1732 τὸν
231 1661 385 1732 θάνατον
408 1666 476 1731 τῶν
496 1659 653 1748 ἀδελφῶν
679 1659 740 1729 οάκ
764 1663 817 1731 ἐπὶ
839 1677 909 1744 τοῖς
932 1662 1088 1752 ἀγαθοῖς,

72 1763 99 1840 ῶ
119 1768 223 1859 μιαρά
241 1767 296 1854 σά,
313 1782 385 1847 τοῖς
401 1780 530 1847 κοινοῖς
548 1771 607 1854 τῆς
624 1771 785 1856 πατρίδος
802 1774 928 1859 χαίρεις
947 1769 1018 1840 οὔτ’
1036 1771 1089 1839 ἐπὶ

71 1891 146 1958 ταῖς
177 1888 368 1964 συμφοραῖς
398 1886 470 1954 ταῖς
503 1877 605 1953 ίδίαις
636 1878 695 1960 τῆς
723 1880 829 1956 οίκίας
858 1874 984 1965 ἀλγεῖς,
1012 1876 1086 1947 ἀλλ’
1104 1901 1129 1943 15

71 1983 280 2073 ὑπεριδοῦσα
301 1984 370 2050 τῶν
389 1984 530 2067 σεαυτῆς
555 1980 714 2069 ἀδελφῶν
731 1980 792 2051 τὸν
815 1987 876 2052 τοῦ
899 1989 1091 2074 μνηστῆρος

72 2090 264 2169 ἀνακλαίεις
283 2086 402 2176 μόρον,
422 2085 497 2155 οὐδ’
519 2083 585 2155 ὑπὸ
603 2092 665 2156 τοῦ
688 2089 830 2170 σκότους
852 2091 1090 2181 ἀποφθαρεῖσά

71 2221 140 2268 που
167 2194 248 2266 κατά
277 2194 400 2283 μόνας,
432 2192 505 2263 ἀλλ’
537 2195 574 2262 ἐν
602 2208 673 2275 τοῖς
699 2193 858 2266 ἁπάντων
888 2196 1090 2286 ὀφθαλμοῖς,

72 2310 133 2374 καί
152 2330 210 2391 μοι
231 2301 294 2390 τῆν
317 2298 440 2391 ἀρετὴν
462 2299 619 2380 καὶτοὺς
642 2300 831 2388 στεφάνους
855 2299 1039 2390 ὀνειδίζεις,
1063 2298 1089 2373 ῶ

71 2409 332 2497 ψευδοπάρθενε
355 2409 410 2476 καὶ
437 2407 622 2495 μισάδελφε
647 2408 704 2476 καὶ
732 2406 852 2490 ἀναξία
874 2413 941 2478 τῶν
964 2411 1087 2498 προγό-
1101 2431 1128 2472 2⁰

72 2546 154 2589 νων.
196 2514 309 2602 ἐπειδὴ
333 2519 453 2582 τοίνυν
477 2511 518 2581 οὐ
540 2512 619 2594 τοὺς
642 2511 811 2602 ἀδελφοὺς
833 2524 981 2602 πενθεῖς,
1004 2514 1090 2585 ἀλλά

72 2624 152 2706 τοὺς
174 2620 345 2708 ἀνεψιούς,
368 2623 424 2689 καὶ
450 2618 488 2689 τὸ
511 2619 573 2707 μὲν
597 2622 694 2707 σῶμα
717 2621 754 2688 ἐν
777 2634 847 2702 τοῖς
871 2627 971 2704 ζῶσιν
995 2629 1089 2711 ἔχεις,

72 2731 135 2821 τῆν
164 2731 203 2800 δὲ
229 2726 340 2817 ψυχὴν
368 2724 457 2816 παρὰ
489 2730 535 2819 τῶ
563 2730 671 2818 νεκρῷ
677 2777 687 2813 ,
715 2725 816 2795 ἀπιθι
847 2727 931 2817 πρὸς
958 2731 1088 2800 ἐκεῖνον

74 2837 117 2910 δν
140 2836 290 2925 ἀνακαλῆ
313 2835 369 2903 καὶ
393 2832 474 2921 μήτε
496 2831 557 2902 τὸν
579 2834 705 2921 πατέρα
723 2833 805 2921 μῆτε
824 2833 903 2916 τοὺς
921 2832 1091 2926 ἀδελφοὺς

146 3092 162 3142 2
183 3080 258 3156 ἀλλ’]
282 3075 330 3154 ἀρ’
351 3100 373 3138 ο.
393 3080 536 3151 Kiessling
552 3081 597 3138 Pr.
616 3083 679 3138 Bae.
698 3101 725 3154 p.
746 3088 779 3137 11
857 3090 873 3140 6
896 3080 1005 3154 φυχῆν;
1025 3081 1090 3156 οάχλ

73 3161 180 3231 θηρίου
200 3177 223 3214 ο.
238 3156 398 3226 Stephanus
470 3158 486 3207 ’ί
506 3153 571 3208 ente
588 3154 739 3224 φιλοῦντος
753 3155 850 3210 deesse
868 3156 974 3225 μενοῦν
992 3175 1024 3225 γε
1042 3155 1090 3212 vel

75 3227 235 3305 μᾶλλονδὲ
259 3246 333 3298 susp.
357 3225 516 3296 Stephanus
563 3221 724 3350 &31ch
748 3221 782 3280 οδ
801 3220 929 3296 ΒΙοάδ
949 3243 972 3281 ο.
995 3226 1089 3282 Kieee-

74 3359 137 3428 ling
201 3360 235 3409 15
255 3351 342 3413 ἰδίαις
359 3350 409 3419 τῆς
428 3345 519 3410 οίκίας
537 3348 560 3402 Β
578 3348 683 3414 οἰκίαις
700 3350 725 3405 A
790 3356 823 3406 17
842 3344 1048 3419 ἀποφθαρεῖσα
1066 3350 1089 3403 Β

76 3432 225 3501 φθαρεῖσα
242 3426 268 3480 R
286 3423 451 3492 κρυφθεῖσα
469 3437 493 3474 ο.
507 3419 646 3476 Βῖοῖεεῖετ
718 3426 751 3476 18
769 3420 838 3510 που]
857 3439 907 3474 ποι
925 3437 948 3474 ε.
963 3418 1087 3504 luzeium

75 3495 150 3558 κατὰ
170 3493 260 3569 μόνας
277 3496 301 3549 Β
320 3511 374 3550 om.
393 3493 419 3548 R
490 3497 524 3548 21
543 3494 647 3555 ποθεῖς
664 3492 687 3546 Β
760 3498 795 3548 24
812 3491 984 3564 ανακ<αλ>η
1001 3492 1025 3547 Β
