2454 3916
589 226 751 279 ,Β-

191 385 218 424 >
254 387 355 453 XXX.
388 387 435 453 Αί
457 385 494 452 δὲ
517 384 615 454 ἀλλαι
638 385 773 472 πράξεις
795 389 833 454 αἵ
855 412 890 454 τε
913 385 995 454 κατὰ
1018 385 1097 466 τοὺς
1119 411 1176 454 πο-

165 493 286 578 λέμους
308 489 373 559 ὑπὸ
396 496 457 560 τοῦ
476 490 602 580 ἀνδρὸς
624 492 805 580 γενόμεναι
828 494 884 562 καὶ
908 496 945 560 αί
964 490 1047 561 κατά
1071 490 1177 580 <τήν>

164 598 280 684 πόλιν,
313 589 362 666 ὧν
389 595 432 666 άν
464 624 514 678 τις
544 600 599 667 καὶ
632 598 736 685 λόγον
768 598 934 687 ποιήσαιτ’
957 601 994 668 ἐν
1027 602 1178 687 ἱστορίας

125 709 289 793 2γραφή,
311 707 467 772 τοιαῦταί
484 730 573 784 τινες
595 708 849 793 παραδίδονται.
894 709 1028 774 πολλῶν
1051 729 1179 792 περιοι-

124 833 138 874 ι
164 810 317 880 κοόντων
340 808 402 897 τήν
421 808 551 898 Ῥώμην
575 813 689 880 ἐθνῶν
708 811 861 899 μεγάλων
884 839 919 881 τε
940 814 996 880 καί
1017 809 1058 880 τά
1080 812 1178 881 πολέ-

164 944 224 1005 μια
255 916 420 1004 ἀλκίμων,
454 909 502 985 άν
536 915 639 987 οὐδὲν
671 911 714 1004 ήν
747 933 817 999 τοῖς
842 917 1017 1006 Ῥωμαίοις
1048 923 1178 1005 φίλιον,

166 1023 404 1093 οίκειεόσασθαι
418 1028 522 1093 ταῦτα
534 1026 718 1111 βουληθείς
736 1026 934 1113 ἐπιγαμίαις,
950 1023 1052 1113 ὅσπερ
1067 1025 1178 1093 ἐδόκει

164 1144 234 1210 τοῖς
269 1139 423 1210 παλαιοῖς
437 1130 581 1218 .τρόπος
618 1128 705 1199 εἶναι
741 1131 957 1218 βεβαιότατος
993 1135 1062 1200 τῶν
1099 1150 1178 1200 συν-

165 1236 340 1305 απτόντων
370 1242 499 1325 φιλίας,
531 1237 789 1325 ἐνθυμούμενος
821 1237 859 1305 δέ
889 1236 940 1306 ότι
970 1237 1178 1325 βουλόμεναι

125 1373 151 1414 ιο
165 1343 226 1431 μὲν
246 1347 283 1410 αί
294 1342 407 1424 πόλεις
422 1342 483 1412 οὐκ
502 1340 545 1412 διν
565 1345 768 1412 συνέλθοιεν
783 1341 897 1424 αὐτοῖς
916 1342 991 1431 ἀρτι
1009 1370 1044 1412 τε
1064 1363 1178 1413 συνοι-

165 1453 350 1538 κιζομένοις
377 1451 434 1519 καὶ
462 1448 538 1521 οὔτε
566 1448 710 1538 χρήμασι
735 1453 893 1530 δυνατοῖς
923 1449 1000 1520 οὔτε
1022 1448 1177 1540 λαμπρὸν

165 1563 265 1645 ἔργον
289 1559 571 1645 ἐπιδεδειγμένοις
599 1555 717 1643 οὐδέν,
739 1563 934 1643 βιασθεῖσαι
963 1556 1000 1628 δὲ
1028 1560 1177 1638 είξουσιν

165 1669 196 1733 εί
218 1665 361 1751 μηδεμία
383 1665 516 1750 γένοιτο
539 1664 615 1752 περὶ
638 1661 700 1750 τήν
724 1661 875 1749 ἀνάγκην
898 1661 1012 1752 ὕβρις,
1036 1661 1176 1750 γνώμην

166 1776 276 1857 ἐσχεν,
309 1761 330 1858 ή
362 1770 417 1838 καὶ
445 1771 604 1859 Νεμέτωρ
634 1767 652 1837 ὁ
680 1769 813 1849 πάππος
842 1767 946 1838 αὐτοῦ
978 1771 1176 1857 προσέθετο,

125 1881 151 1947 ιε
166 1877 211 1945 δι’
237 1876 389 1965 διρπαγής
409 1876 594 1963 παρθένων
617 1874 747 1962 ἀθρόας
769 1876 951 1962 γενομένης
969 1876 1178 1963 ποιήσασθαι

126 1987 146 2052 3
165 1983 223 2064 τὰς
247 1986 429 2070 ἐπιγαμίας.
475 1981 578 2068 γνοὺς
602 1983 639 2050 δέ
662 1987 765 2050 ταῦτα
787 1987 857 2074 θεῷ
882 1982 943 2070 μέν
967 1981 1065 2069 εὐχάς
1087 1988 1178 2051 τίθε-

164 2117 219 2159 ται
251 2094 384 2178 πρῶτον
417 2086 616 2177 ἀπορρήτων
652 2089 892 2176 βουλευμάτων
929 2086 1085 2176 ἡγεμόνι,
1119 2087 1177 2157 ἐάν

164 2195 185 2284 ή
209 2211 306 2285 πείρα
329 2193 419 2288 αὐτῷ
447 2195 582 2284 χωρήση
610 2194 692 2263 κατὰ
716 2198 802 2263 νοῦν
825 2200 949 2275 θυσίας
970 2196 1027 2263 καὶ
1056 2194 1220 2282 ἑορτάς300

165 2302 257 2386 άξειν
288 2301 368 2370 καθ’
400 2303 540 2370 ἕκαστον
573 2301 743 2370 ἐνιαυτόν·
781 2307 892 2370 ἐπειτα
927 2306 973 2393 τῷ
1009 2306 1177 2394 συνεδρίῳ

124 2441 151 2481 ιο
164 2415 223 2499 τῆς
246 2415 424 2499 γερουσίας
446 2407 627 2496 ἀνενέγκας
649 2407 710 2477 τὸν
732 2408 852 2496 λόγον,
874 2407 987 2496 ἐπειδή
1010 2407 1178 2488 κάκείνοις

164 2516 201 2588 τὸ
225 2516 396 2604 βούλευμα
419 2514 576 2602 ήρεσκεν,
606 2512 724 2603 ἑορτήν
748 2530 883 2602 προεῖπε
906 2516 962 2583 καὶ
984 2514 1177 2604 πανήγυριν

165 2623 257 2705 ἀξειν
289 2625 483 2692 Ποσειδῶνι
516 2623 571 2690 καί
603 2621 840 2709 περιήγγελλεν
875 2626 922 2702 είς
952 2619 1010 2701 τὰς
1044 2628 1178 2709 ἔγγιστα

164 2729 278 2809 πόλεις
299 2733 412 2797 καλῶν
439 2726 518 2808 τοὺς
544 2730 775 2816 βουλομένους
802 2727 928 2815 ἀγοράς
956 2754 991 2797 τε
1014 2738 1177 2817 μεταλαμ-

164 2835 283 2922 βάνειν
309 2836 366 2903 καὶ
396 2833 552 2920 ἀγόνων·
582 2836 639 2903 καὶ
666 2834 730 2922 γὰρ
758 2833 893 2922 ἀγῶνας
920 2833 1012 2916 άξειν
1041 2840 1177 2922 ἐμελλεν

125 2988 151 3029 ,5
165 2945 275 3010 ἵππων
298 2943 407 3010 τεκαὶ
431 2939 568 3029 ἀνδρῶν
587 2942 831 3021 παντοδαπούς.
873 2940 1114 3010 συνελθόντων
1140 2942 1176 3010 δέ

236 3141 252 3190 2
271 3132 323 3226 τήν
342 3136 405 3192 add.
424 3136 581 3192 Ambrosoh
635 3143 650 3192 3
670 3158 711 3200 τις
718 3132 924 3225 κατάλογονΟ
943 3139 946 3204 Ι
963 3132 1174 3220 *ποιήσαιτοΟ

165 3214 182 3263 4
200 3205 449 3295 παραδεδονταιο
461 3207 619 3293 Stephanus
674 3216 690 3264 6
709 3204 834 3278 ἀλκίμων
853 3208 953 3263 λίανΒ
1009 3213 1023 3262 7
1044 3201 1174 3294 άοπερΒ

165 3283 181 3334 8
200 3276 303 3369 τρόπος
322 3275 395 3334 εἶναι
414 3279 437 3333 Β
461 3276 536 3334 εἶναι
554 3275 656 3348 τρόπος
674 3281 700 3334 R
771 3286 786 3334 9
806 3280 913 3367 φιλίαις
931 3278 979 3332 ΑΒ
1054 3285 1086 3332 12
1106 3273 1175 3332 α’πο-

165 3349 357 3421 δεδειγμένοις
384 3368 407 3406 ο.
431 3349 533 3407 Garrer
556 3350 620 3405 obs.
644 3369 672 3420 p.
696 3357 730 3405 22
813 3357 845 3405 13
871 3348 945 3435 πέρα
972 3349 1022 3417 τής
1049 3343 1175 3418 ἀνάγκης

165 3438 188 3476 ο.
208 3420 350 3477 Garrerl
369 3421 387 3477 l.
411 3441 437 3492 p
459 3427 493 3476 70
576 3427 609 3476 18
632 3417 705 3476 κατὰ
729 3442 798 3476 νουν
817 3417 969 3492 γωρήσηΒ
994 3422 1000 3489 Ι
1024 3419 1175 3474 θυσίανΒ

166 3498 199 3548 19
218 3490 355 3561 συνέδρων
372 3494 398 3548 Α
