2454 3916
155 211 290 302 εοει
579 211 744 262 -r-

155 369 347 459 ἀμφοτέρας
363 368 422 450 τὰς
442 367 613 456 δυνάμεις·
642 373 752 436 ἔπειτα
770 363 972 455 ἀναβοήσεις
989 392 1024 434 τε
1043 363 1170 453 ἀθρόαι

155 473 234 566 παρ’
264 473 465 565 ἀμφοτέρων
497 473 609 544 αὐτῶν
641 477 796 563 έγίνοντο
815 475 883 543 Ικαὶ
914 470 1172 563 παρακελεύσεις

156 598 227 663 τοῖς
259 583 461 671 μαχομένοις
492 580 632 664 έναλλάξ
665 579 762 668 εάχαί
789 607 825 650 τε
856 583 912 650 καὶ
944 581 1088 669 οἰμωγαὶ
1116 580 1173 648 καί

157 686 283 770 παντὸς
306 688 412 758 ἀλλον
434 687 569 768 πάθους
596 689 785 775 ἐναγωνίου
812 689 925 775 φωναὶ
948 700 1115 775 συνεχεῖς,
1138 689 1176 754 αί

118 832 132 874 5
159 795 221 882 μὲν
243 794 328 882 πρὸς
349 793 390 864 τά
415 794 571 884 δράμενά
597 822 633 864 τε
655 796 711 863 καί
739 791 892 883 ὁρώμενα
911 791 970 882 ἀφ’
997 795 1174 883 ἑκατέρων,

119 913 140 978 2
159 905 197 969 αἱ
218 900 255 969 66
277 899 361 989 πρὸς
382 899 424 970 τά
443 901 606 988 μέλλοντά
629 903 738 970 τεκαὶ
759 899 1028 989 ὑποπτευόμενα·
1051 901 1108 968 καί
1130 891 1175 986 ἦν

159 1013 262 1077 πλείω
280 1006 321 1077 τά
339 1007 534 1096 εἰκαζόμενα
551 1011 621 1078 τῶν
638 1011 839 1096 γινομένων.
865 1006 888 1096 ἦ
906 1035 941 1077 τε
959 1006 1022 1096 γάρ
1042 1005 1121 1090 όφις
1139 1010 1176 1077 ἐκ

159 1118 287 1184 πολλοῦ
304 1114 527 1203 διαστήματος
544 1116 706 1205 γινομένη
721 1114 808 1185 πολὺ
825 1115 863 1185 τὸ
883 1114 1010 1204 ἀσαφὲς
1028 1113 1108 1203 είχε,
1120 1115 1177 1183 καὶ

159 1218 198 1290 τὸ
222 1219 306 1310 πρὸς
332 1221 411 1303 τοὺς
439 1226 582 1304 οἰκείους
610 1221 798 1310 ἀγωνιστάς
824 1221 975 1303 ἑκάστοις
1000 1222 1179 1310 συμπαθὲς

121 1364 147 1404 10
161 1328 214 1396 ἐπὶ
236 1331 274 1397 τὸ
300 1331 553 1417 βεβουλημένον
576 1329 742 1417 ἐλάμβανε
764 1328 804 1398 τά
827 1328 1059 1416 πρασσόμενα,
1083 1331 1122 1397 αἴ
1141 1354 1178 1398 τε

162 1450 313 1524 συνεχεῖς
339 1440 408 1506 τῶν
436 1436 635 1524 μαχομένων
654 1435 850 1524 ἐπεμβάσεις
873 1437 930 1505 καὶ
951 1433 1222 1523 ὑπαναχωρή-λσι

163 1563 232 1624 σεις
248 1545 305 1613 καὶ
323 1549 371 1624 είς
394 1542 432 1612 τὸ
452 1539 637 1613 ἀντίπαλον
655 1533 764 1622 ,αὖθις
785 1539 1077 1630 ἀντιμεταστάσεις
1098 1550 1179 1611 πολ-

162 1651 218 1719 λαὶ
241 1652 296 1719 καί
320 1649 540 1739 ἀγχίστροφοι
557 1649 735 1737 γινόμεναι
756 1648 795 1720 τὸ
814 1648 949 1739 ἀκριβὲς
965 1653 1024 1736 τῆς
1042 1648 1180 1737 γνώμης

123 1763 144 1829 3
163 1756 373 1846 ἀφῃροῦντο·
396 1757 573 1826 καὶταῦτα
592 1754 772 1826 έπίπολάν
792 1759 918 1843 ἐγίνετο
937 1756 1073 1845 χρόνον.
1115 1754 1179 1845 βά-

124 1895 150 1937 15
164 1890 231 1951 μην
259 1889 294 1932 τε
320 1862 384 1953 γάρ
412 1863 564 1953 σώματος
588 1868 707 1950 ἔτυχον
730 1861 851 1951 ὁμοίαν
875 1869 1006 1951 ἔχοντες
1029 1861 1180 1953 ἑκάτεροι

163 1969 275 2040 καὶτὸ
295 1986 456 2059 γενναῖον
474 1975 533 2059 τῆς
550 1974 660 2058 ψυχῆς
678 1969 862 2060 ίσόρροπον
882 1969 997 2050 ὅπλοις
1014 1996 1049 2039 τε
1067 1975 1180 2039 καλλί-

165 2097 255 2158 στοις
278 2079 517 2166 ἐσκεπασμένοι
539 2074 580 2147 τά
603 2075 738 2165 στόματα
762 2075 825 2146 ὅλα
841 2079 898 2146 καὶ
920 2075 1052 2165 γυμνὸν
1077 2073 1180 2145 οὐδέν

164 2179 384 2265 ἀπολιπόντες
415 2186 516 2273 μέρος
542 2182 617 2253 ότι
643 2186 700 2253 καί
730 2183 866 2274 τρωθὲν
898 2183 1010 2266 ὀξεῖαν
1043 2187 1181 2271 ἔμελλεν
1215 2178 1217 2180 ’

166 2300 273 2361 οίσειν
304 2290 367 2378 τὴν
398 2289 573 2378 τελευτήν,
605 2288 689 2359 ὥστε
719 2291 839 2360 πολλοὶ
860 2287 1033 2377 Ῥωμαίων
1064 2316 1100 2359 τε
1126 2290 1182 2358 καὶ

126 2395 336 2485 ωἈλβανάν
364 2399 400 2466 έκ
426 2401 487 2466 του
514 2404 720 2484 φιλονεικεῖν
747 2422 783 2466 τε
809 2397 865 2464 καὶ
895 2406 1090 2484 συμπαθεῖν
1112 2402 1182 2476 τοῖς

167 2506 341 2593 σφετέροις
368 2508 495 2574 ἔλαθον
523 2501 646 2583 αὑτοὺς
671 2501 710 2572 τὸ
733 2507 802 2573 τῶν
828 2503 1103 2573 κινδυνευόντων
1127 2529 1181 2591 με·

166 2611 369 2698 ταλαβόντες
399 2611 512 2691 πάθος
547 2607 735 2697 ἀγωνισταί
767 2635 802 2679 τε
838 2613 966 2697 μᾶλλον
998 2609 1181 2697 ἐβούλοντο

128 2715 189 2806 4ἢ
225 2719 346 2787 θεαταὶ
381 2722 451 2788 τῶν
495 2721 679 2805 δρωμένων
714 2718 900 2804 γεγονέναι.
955 2713 1018 2798 ὀψὲ
1055 2714 1088 2784 6'
1119 2707 1180 2786 οὖν

168 2849 247 2894 ποτε
276 2822 294 2894 6
326 2825 551 2913 πρεσβύτατος
582 2827 650 2893 τῶν
679 2822 851 2911 Ἀλβανῶν
882 2828 928 2918 τῷ
960 2819 1044 2911 πρὸς
1078 2819 1180 2892 αὐτὸν

128 2950 155 2992 2⁶
169 2931 434 3027 ἀντιτεταγμένῳ
465 2932 684 3021 συμπλέκεται
712 2936 823 3000 παίων
849 2957 885 2999 τε
915 2931 972 2998 καί
999 2929 1181 3019 παιόμενος

240 3123 371 3184 λαάτῶν
390 3129 444 3185 deL
462 3126 591 3184 Hertlein
603 3127 720 3182 Hermes
730 3125 810 3252 Xp.
815 3132 866 3182 411
940 3123 1094 3214 λείιιαζόμ
1095 3127 1181 3182 εναΒ

170 3195 286 3271 είκαζόμ
288 3196 339 3255 ενά
368 3219 398 3255 τε
427 3199 477 3254 καί
504 3194 634 3268 δρώμενα
657 3200 727 3253 Re
714 3196 778 3253 είκα
780 3192 885 3268 ζόμενά
909 3216 939 3252 τε
967 3197 1016 3252 καί
1066 3147 1181 3282 6696-

170 3291 251 3357 μενα
262 3288 284 3327 ο.
299 3270 403 3327 Reiske
475 3276 510 3326 10
529 3269 753 3356 βεβουλευμένον
773 3268 833 3340 Οβ
816 3268 972 3357 βεβουλημέ
973 3289 1025 3325 νυν
1042 3219 1165 3326 61

171 3336 573 3399 12τὸΒε1ΒωὶείτετάνΒ
636 3345 670 3395 13
689 3335 874 3412 ἀγχίστροφοι
891 3340 914 3393 Β
933 3336 1159 3411 ἀντίστροφοιΒ
1111 3269 1182 3427 Ἥ

170 3432 315 3484 γινομενοι
332 3413 356 3468 Β
378 3407 567 3484 γενόμενοιΙλ
630 3417 664 3466 14
684 3407 830 3482 έγίνετοΒ
849 3407 975 3480 έγίνοντυ
989 3413 1015 3467 R
1079 3418 1113 3468 17
1133 3405 1182 3468 ἀλα

170 3486 272 3542 Bom.
295 3485 320 3539 R
403 3491 437 3540 20
461 3487 690 3555 σνμφιλονεικειν
723 3500 747 3539 ο.
771 3482 929 3553 Stephanus
1013 3488 1048 3538 21
1074 3479 1107 3539 τὸ
1133 3482 1182 3539 ΑΒ

67 3576 183 3680 1
