2454 3916
122 192 203 275 ειο,
547 222 581 232 -
619 196 646 247 Γ
679 223 713 232 -

121 359 184 423 ειοί
207 379 296 434 τινες
323 353 361 421 έν
388 364 459 431 τοῖς
487 350 581 441 όρεσι
609 354 786 440 λοχῶντες)
814 348 897 421 ὅταν
921 353 959 421 δὲ
982 348 1075 440 άρθῇ
1098 350 1138 420 τδι

123 473 243 548 σημεῖα
271 457 450 546 λαβόντας
464 456 547 546 <τδι>
577 456 663 527 ὅτιλα
690 472 812 548 χωρεῖν
840 456 891 527 ἐπ’
917 456 1040 540 αύτούς
1071 463 1139 527 ἔδει

122 566 249 647 πάντας
275 564 358 634 κατὰ
385 565 500 653 τάχος,
529 557 588 655 (ἦν
617 565 654 634 δὲ
683 563 724 634 οὐ
753 563 859 652 πολλὴ
888 563 952 652 <ἡ>
981 566 1035 634 ἐπὶ
1057 564 1188 646 τοὺςςιο

122 673 268 761 χάρακας
300 670 365 741 άιτδ
401 673 552 760 Φιδήνης
588 675 740 761 φέρουσα
773 669 868 758 ὁδός,
900 669 974 741 ἀλλ’
1005 670 1089 741 ὅσον
1117 669 1138 759 ἢ

82 805 96 847 5
123 781 226 849 δυσὶν
249 779 352 869 όόραις
373 776 394 867 ἢ
417 781 529 868 τρισίν
548 779 744 866 ἀνυσθῆναι
766 779 804 848 τὸ
825 778 1050 869 μακρότατον)
1071 781 1139 848 ἐντι-

122 888 292 974 φανέντας
315 886 353 954 δὲ
374 890 419 979 τῷ
444 885 551 973 άγάνι
574 887 668 966 τέλος
690 885 756 973 ἤδη
781 891 892 973 ἔχοντι
916 884 1027 975 ὥσπερ
1051 886 1140 966 είκδς

122 992 229 1081 μηδὲν
252 990 410 1080 ἠχεῖσθαι
431 998 559 1080 φίλιον,
583 989 656 1060 ἀλλ’
678 991 739 1060 έάν
761 1019 797 1060 τε
816 991 974 1079 Ἀλβανολ
996 997 1139 1061 νικῶσιν

122 1099 182 1168 ἐάν
214 1124 249 1166 τε
272 1097 430 1186 Ῥωμαῖοι
460 1089 603 1167 κτείνειν
635 1097 713 1179 τοὺς
744 1100 985 1187 κεκρατηκότας
1017 1098 1139 1169 αὐτῶν.

121 1209 225 1275 ταῦτα
247 1197 291 1292 ἦν
315 1202 337 1273 ά
361 1207 544 1293 διέγνωστο
567 1204 724 1294 πράττειν
741 1219 813 1286 τοῖς
829 1205 1051 1293 προεστηκόσι
1070 1211 1139 1275 τάν

81 1284 264 1412 βοττόλεων.
318 1316 350 1379 εί
385 1311 447 1399 μὲν
486 1304 549 1381 οὖν
584 1311 798 1401 θρασύτερον
836 1314 888 1381 ἐντί
925 1311 986 1382 τὸν
1023 1311 1139 1399 άγῶνα

122 1415 283 1505 ὥρμησαν
303 1416 460 1506 Ἀλβανοὶ
478 1417 652 1508 Ῥωμαίων
669 1419 986 1507 καταφρονήσαντες
1002 1421 1059 1487 καὶ
1079 1425 1139 1510 μιᾷ

121 1539 235 1610 κρῖναι
258 1525 346 1615 μάχη
369 1524 410 1593 τδι
434 1524 496 1594 όλα
520 1528 721 1613 διέγνωσαν,
745 1523 852 1594 ούθδν
875 1522 919 1594 διν
941 1524 980 1594 τὸ
1003 1530 1138 1595 κωλῦον

121 1623 165 1718 ἦν
193 1631 254 1701 τόν
281 1659 316 1701 τε
348 1634 663 1703 κατασκευασθέντα
693 1632 797 1702 δόλον
826 1631 876 1702 ἐπ’
902 1632 1017 1714 αὐτοῖς
1043 1642 1139 1720 λελη-

120 1740 223 1806 θέναι
245 1740 301 1807 καί
329 1739 542 1827 διεφθάρθαι
569 1737 610 1808 τά
638 1739 867 1828 στρατεύματα
894 1738 1005 1809 αὐτῶν
1030 1738 1139 1828 άμφό·

83 1875 108 1918 1⁶
121 1865 213 1930 τερα·
250 1847 317 1911 νύν
351 1843 388 1911 δὲ
420 1841 441 1930 ἡ
479 1843 634 1933 διατριβὴ
666 1850 727 1914 τού
763 1848 912 1934 πολέμου
948 1845 1140 1932 παράδοξος

121 1949 224 2018 άτιασι
251 1951 417 2037 γενομένη
449 1951 506 2018 καὶ
535 1948 552 2020 ὁ
581 1951 704 2039 χρόνος
731 1954 768 2021 ἐν
796 1943 823 2046 ᾦ
850 1951 1137 2041 παρεσκευάζοντο

120 2053 226 2136 πολύς
261 2058 482 2144 ἐφελκυσθεὶς
522 2059 650 2146 διέχεεν
691 2057 803 2127 αὐτῶν
839 2057 880 2127 τά
915 2059 1138 2147 βουλεύματα.

120 2162 276 2252 τῶνγὰρ
305 2166 340 2233 ἐκ
367 2168 425 2252 τῆς
455 2171 669 2253 συνωμοσίας
690 2167 793 2254 τινές,
816 2176 881 2235 είτε
905 2171 1011 2234 οίκεῖα
1032 2169 1136 2255 κέρδη

119 2272 363 2360 περιβαλέσθαι
386 2275 558 2358 ζητούθτες
581 2281 647 2340 είτε
674 2285 745 2352 τοῖς
766 2273 1046 2360 κορυφαιοτάτοις
1068 2278 1137 2343 τῶν

82 2408 108 2448 εο
122 2379 294 2508 σφετέρφν
326 2378 381 2445 καί
413 2376 452 2447 τὸ
486 2383 585 2466 ἔργον
618 2379 895 2467 εἰσηγησαμένοις
923 2385 1138 2467 φθονοῦντες

121 2494 186 2554 είτε
214 2484 362 2573 μηνυσιν
391 2485 513 2573 ετέρων
544 2483 760 2573 δεδιότες,”
740 2513 758 2555 ο
786 2514 818 2555 τι
845 2493 982 2568 πολλοῖς
1009 2491 1136 2575 συνέβη

120 2600 244 2660 παθεῖν
282 2593 319 2660 έν
359 2605 432 2671 ταῖς
467 2591 752 2722 πολρανθροόττοις
788 2594 845 2661 καὶ
884 2597 1138 2721 χρονιζομέναις

121 2704 363 2786 συνωμοσίαις,
392 2707 457 2766 είτε
484 2696 550 2767 ὑτιὸ
579 2704 676 2779 θείας
703 2697 968 2788 άναγκαζόμενοι
995 2700 1186 2789 γνάμηςεοο

122 2803 183 2873 ούκ
210 2802 368 2891 ἀξιούσης
396 2809 522 2899 ἔργον
523 2803 666 2874 άνόσιον
694 2810 741 2886 είς
771 2803 905 2894 εὐτυχὲς
926 2813 1136 2895 κατασκηψαι

81 2938 108 2980 ει
121 2912 215 2990 τέλος
238 2911 384 2998 μηνυταὶ
406 2916 559 2997 γίνονται
582 2926 653 2993 τοῖς
674 2917 847 3007 πολεμίοις
868 2916 930 2982 τού
954 2914 1068 2983 δόλου.

194 3063 304 3127 ἳότιλα
323 3071 376 3126 ΑΒ
394 3066 429 3126 τά
448 3071 512 3126 αδδ.
533 3070 622 3128 Cobet
635 3070 699 3127 Obs
713 3091 741 3142 p.
757 3078 790 3129 58
807 3073 812 3145 Ι
829 3070 888 3129 ἔδει
907 3074 961 3130 del.
976 3073 1102 3129 cobetl.
1117 3075 1136 3130 l.

121 3185 170 3248 3η
160 3173 254 3234 add.
264 3176 408 3248 Kiessling
449 3158 661 3248 λφειδήνηςΒ
728 3179 801 3248 6τῷ
821 3196 876 3235 om.
896 3180 971 3235 BaR
1030 3186 1064 3234 12
1083 3200 1136 3235 κω-

121 3199 189 3305 λύον
207 3250 260 3304 ΑΒ
291 3249 418 3304 κωλύσον
445 3249 569 3306 Reudler
596 3249 687 3306 Τίτου.
714 3268 742 3320 p.
767 3256 801 3305 26
884 3257 918 3306 17
942 3245 960 3306 ά
963 3252 1137 3338 φελκνσθελς

74 3357 77 3361 ‹
120 3338 190 3377 corr.
209 3319 321 3390 Reiske‚
344 3322 552 3408 τιαρελκνσθεὶς
575 3320 665 3377 Cobet
688 3321 755 3376 Obs.
780 3339 808 3392 p.
828 3328 863 3379 58
939 3329 974 3378 22
993 3319 1136 3393 χρονιζού-

119 3409 225 3455 οαιςο
243 3391 347 3448 Reiske
419 3387 486 3447 23
471 3387 528 3448 νιιδ
548 3394 634 3456 θείας
657 3389 746 3449 Cobet
764 3393 867 3450 Mnem
886 3393 926 3448 IX
949 3413 975 3464 p
995 3400 1048 3451 319
1073 3394 1136 3451 Sin·

119 3464 194 3518 tenis
213 3463 275 3522 Em.
293 3463 374 3520 Dion.
394 3464 465 3535 Hp
485 3458 577 3519 ούιιὸ
596 3461 721 3520 θέσειΟ
