2454 3916
512 211 677 264 -A-
1062 212 1105 276 99

84 371 214 459 χρόνον
249 379 474 458 γεωργεῖσθαι
511 367 662 438 άδόνατα
698 362 759 457 ἦν,
792 373 828 438 οί
858 370 895 439 δὲ
927 370 1107 461 άνθρωποι

84 477 215 570 (ᾤκουν
252 476 316 565 γὰρ
344 475 410 545 ιἰνδι
432 474 472 545 τά
510 474 573 565 όρη
605 482 770 567 γλίσχρως
802 478 1017 566 ποριζόμενοι
1048 477 1108 559 τὰς

83 584 228 672 τροφάς)
252 583 555 674 συμφρονήσαντες
577 581 623 664 ὡς
646 582 708 671 οόχ
731 583 830 670 ίκανή
853 582 990 671 βόσκειν
1015 590 1106 654 ἔσται

83 691 214 771 πάντας
242 688 263 778 ή
294 694 457 779 περιοῦσα
487 694 530 777 γη
560 693 721 778 νέμονται
745 694 834 778 σφᾶς
857 688 981 770 αὐτοὺς
1011 694 1106 780 διχή·

83 800 140 866 καὶ
173 795 287 866 αὐτῶν
316 801 351 865 οί
380 797 442 885 μέν
471 800 508 866 ἐν
534 795 692 889 Ἀρκαδίῳ
723 795 935 884 ὑπομένουσι
966 799 1133 883 βασιλέας

82 903 374 993 καταστησάμενοι
389 909 562 992 Δείμαντα
584 903 645 973 τὸν
660 903 860 993 Δαρδάνου,
883 906 919 973 οί
936 902 974 971 δὲ
992 904 1106 972 λοιποὶ

83 1009 329 1079 ἀπανίστανται
356 1009 628 1098 Πελοποννήσου
660 1009 768 1102 στόλῳ
801 1010 944 1102 μεγάλῳ.
988 1007 1145 1078 ποιοό-3

27 1132 188 1206 ιῡομενοι
219 1116 258 1185 δὲ
292 1115 354 1186 τὸν
389 1121 499 1186 πλοῦν
536 1115 626 1205 παρὰ
658 1115 721 1204 τήν
753 1115 924 1205 Εόράπην
958 1121 1005 1197 είς
1041 1115 1104 1186 τὸν

82 1226 230 1293 Μέλανα
257 1223 468 1312 καλοόμενον
497 1222 721 1312 ἀφικνοῦνται
744 1224 872 1293 κόλπον
900 1224 957 1292 καὶ
983 1223 1104 1311 τυγχά-

82 1351 208 1401 νουσιν
242 1333 279 1400 ἐν
310 1330 403 1422 νήσῳ
436 1332 505 1399 τινὶ
535 1334 595 1418 τής
626 1329 759 1421 Θράκης
792 1329 1028 1418 ὁρμισάμενοι,
1060 1326 1104 1417 ήν
1119 1354 1143 1394 ιο

83 1437 147 1507 οὐκ
171 1442 235 1525 ἔχω
259 1442 365 1506 είπεῑν
389 1447 454 1506 είτε
475 1429 520 1524 ἦν
544 1440 725 1527 οἰκουμένη
754 1438 811 1506 καὶ
833 1437 1013 1527 πρότερον,
1043 1435 1102 1505 εἶτ’

83 1550 226 1632 ἔρημος·
258 1534 280 1633 ᾗ
307 1547 460 1612 τίθενται
487 1543 638 1631 τοόνομα
667 1541 838 1612 σύνθετον
863 1549 898 1611 έκ
920 1569 955 1612 τε
978 1541 1105 1631 ἀνδρὸς

71 1643 139 1718 ’καὶ
161 1649 280 1736 τόπου,
294 1648 541 1742 Σαμοθρᾴκην·
564 1648 601 1718 τὸ
625 1648 770 1738 μὲνγὰρ
790 1654 916 1738 χωρίον
939 1654 998 1737 τής
1017 1650 1104 1741 Θρᾴ-

81 1783 158 1844 κης,
188 1754 206 1825 ό
235 1755 274 1824 δέ
301 1754 447 1844 οἰκιστής
470 1755 615 1845 Σάμων,
643 1755 718 1837 υίὸς
734 1754 861 1845 Ἑρμοῦ
889 1757 944 1824 καί
968 1755 1104 1845 νύμφης

81 1867 301 1950 Κυλληνίδος
317 1860 439 1950 Ῥήνης
463 1860 718 1951 ὀνομαζομένης.
760 1865 830 1932 ε’κεῖ
851 1862 889 1930 δέ
912 1864 1039 1953 χρόνον
1059 1833 1145 1960 οόἓ

80 1968 193 2039 πολὺν
218 1973 463 2057 διατρίψαντες,
487 1966 532 2049 ὡς
555 1967 616 2038 οὐκ
630 1967 776 2058 εὐμαρὴς
798 1962 843 2056 ἦν
860 1968 967 2057 ὁβίος
990 1968 1104 2051 αὐτοῖς

80 2081 125 2167 γῇ
149 2103 186 2145 τε
208 2079 319 2166 λυπρᾷ
341 2076 397 2143 καὶ
420 2073 570 2164 θαλάττῃ
593 2074 693 2167 άγρίηι
721 2079 939 2166 μαχομένοις,
969 2076 1105 2165 ὀλίγους

80 2181 179 2263 τινάς
206 2184 244 2251 ἐν
266 2186 306 2271 τή
334 2182 428 2274 νήσῳ
456 2183 649 2272 λειπόμενοι
677 2183 921 2252 ἀπανίστανται
943 2184 1046 2253 πάλιν
1070 2188 1106 2253 oc

80 2294 221 2369 πλείους
244 2293 291 2368 είς
317 2287 380 2375 τὴν
400 2287 514 2358 Ἀσίαν
543 2295 674 2377 ἔχοντες
696 2287 847 2377 ἡγεμόνα
868 2293 927 2375 τῆς
949 2289 1104 2371 άποικίας

80 2395 291 2483 Δάρδανον·
317 2394 431 2476 Ἴασος
456 2394 521 2484 γὰρ
545 2399 583 2465 έν
605 2401 645 2486 τή
669 2395 762 2486 νήσῳ
791 2399 944 2488 κεραυνῷ
967 2397 1104 2482 πληγεὶς
1117 2416 1146 2458 ιο

78 2506 221 2593 τελευτᾷ
240 2501 421 2590 Δήμητρος
440 2501 542 2591 εὐνής
561 2502 790 2590 ὀριγνώμενος
805 2505 856 2587 [ολ
867 2507 983 2589 έχειν]·
1007 2526 1103 2591 ποιη-

28 2638 81 2689 156
89 2609 240 2699 σάμενοί
254 2634 290 2678 τε
307 2608 370 2695 τὴν
390 2608 558 2697 ἀπόβασιν
569 2612 605 2679 ἐν
620 2614 665 2702 τῳ
675 2611 872 2700 καλουμένῳ
886 2611 952 2678 νῦν
965 2607 1103 2697 Ἑλλησ-

78 2717 197 2808 πόντῳ
220 2716 297 2805 περὶ
323 2714 385 2803 τήν
417 2714 560 2803 ὕστερον
592 2725 778 2802 κληθεῖσαν
807 2719 987 2798 οἰκίζονται
1013 2724 1103 2807 Φρυ-

155 2971 172 3020 6
201 2960 446 3035 καταστησάμενοι
469 2964 573 3021 Reiske
596 2961 766 3036 στησάμενοι
784 2966 807 3020 Ο
890 2961 1101 3038 θεόράπηνΟ

81 3036 228 3108 εόρωπίης
255 3051 278 3089 ο.
301 3034 405 3090 Reiske
434 3031 551 3112 Θράκην
574 3053 597 3093 ο.
622 3035 711 3093 Cobet
734 3035 801 3092 obs.
827 3056 855 3108 p.
874 3043 908 3092 32
1000 3044 1034 3093 10
1052 3038 1103 3107 τῆς

82 3103 284 3196 Θρηίκηςρολ
313 3105 402 3163 Cobet
423 3107 443 3161 l.
466 3107 486 3164 l.
574 3114 607 3163 12
636 3105 738 3179 ἔρημος
773 3108 917 3200 ΚίοιοΙίπῳ
959 3104 1049 3194 ἐρήμη
1076 3110 1103 3163 R

83 3177 176 3250 ἐρημη
199 3178 277 3247 ηνΒ
360 3184 393 3233 13
413 3173 583 3251 σαμοθράιιη
606 3180 629 3233 Β
654 3181 658 3249 Ι
684 3175 738 3249 γάρ
762 3181 859 3234 om.B
887 3200 924 3250 ην
945 3181 1058 3250 Θράκης
1072 3195 1101 3261 p.

81 3247 348 3333 Hortleinflermes
366 3249 392 3304 X
409 3267 436 3337 ρ.
456 3256 508 3305 403
581 3257 615 3304 21
635 3245 769 3337 ἐτελεύτα
788 3268 812 3308 ο.
831 3251 973 3320 Kiessling
988 3233 997 3322 s
1014 3245 1102 3331 εόνης

81 3323 131 3378 Bb
159 3318 250 3389 εόνην
268 3320 343 3376 ΑΒα
372 3322 377 3390 Ι
406 3340 444 3384 ως
467 3318 497 3376 ολ
518 3319 594 3392 ἔχειν
611 3323 637 3376 R
664 3341 703 3384 ως
721 3320 751 3376 ολ
768 3319 826 3391 ἔχει
844 3323 902 3395 Ba,
931 3321 1036 3377 delent
1053 3319 1100 3373 Bb

81 3406 156 3475 άςὸ
181 3405 267 3491 λόγος
288 3406 347 3480 ἔχει
370 3427 393 3465 ο.
416 3409 572 3497 Κίοεελὶορ,
600 3395 862 3479 εόνήῖάίσήόἷειν
888 3428 911 3465 ο.
931 3406 1102 3475 Θεαεοοεςοε

80 3484 159 3539 Τοοε.
178 3478 297 3550 Herb1p.
315 3499 343 3551 p.
363 3486 397 3535 10
420 3482 424 3550 Ι
448 3499 640 3552 ποιησάμενος
657 3482 682 3536 Α
763 3486 799 3536 23
817 3480 867 3536 καὶ
889 3479 955 3548 περὶ
976 3476 1002 3531 Α

900 3567 939 3622 νγ*
