2454 3916
129 203 196 268 244
552 204 717 257 -Β-

129 363 193 432 δύο
225 367 329 433 ταῦτα
360 362 691 452 πραγματευόμενος,
724 358 775 444 οἷς
802 373 1034 452 κοσμηθεῖσαν
1067 362 1151 432 ὑπε-

128 470 300 559 λάμβανεν
331 465 400 554 [ἀν]
428 469 492 557 τὴν
519 470 620 538 πόλιν
649 467 835 557 εὐδαίμονα
861 479 1067 557 γενησεσθαι
1090 472 1149 538 καί

130 576 290 665 μεγάλην·
323 575 497 664 εὐσέβειαν
525 575 587 663 μὲν
610 578 759 663 πρῶτον,
790 575 962 645 διδάσκων
985 574 1064 657 τοὺς
1087 574 1151 648 ἀν-

129 683 292 773 θρώπους
324 682 376 752 ὅτι
407 681 533 762 παντὸς
564 680 697 769 ἀγαθοῦ
729 687 807 751 θεοί
839 686 978 773 δοτῆρές
1009 688 1076 768 είσι
1105 688 1151 773 τῇ

89 821 103 862 5
130 794 240 879 θνητῇ
273 790 374 877 φύσει
405 790 462 857 καὶ
494 788 654 877 φύλακες,
687 794 798 858 ἔπειτα
829 788 1065 876 δικαιοσύνην,
1098 788 1148 858 δι’

128 893 173 984 ἣν
200 897 256 963 καὶ
283 895 324 965 τὰ
351 895 441 983 παρά
467 901 536 965 των
564 900 657 964 θεῶν
686 895 873 984 ἀπέφαινεν
895 895 1010 982 ἀγαθὰ
1037 894 1205 977 καλάς369

129 1001 187 1083 τάς
210 1000 413 1082 ἀπολαύσεις
435 1003 583 1091 φέροντα
606 1016 676 1082 τοῖς
697 1005 927 1090 κτησαμένοις.

170 1113 197 1151 )
219 1110 335 1178 LXIJJ.
364 1107 417 1191 Ἐξ
441 1100 490 1177 ὧν
520 1108 557 1177 δὲ
581 1109 779 1197 διεπράξατο
807 1108 923 1196 νόμων
950 1111 1064 1178 τεκαὶ
1087 1133 1151 1179 πο-

130 1215 337 1303 λιτευμάτων
369 1213 525 1305 ἑκάτερον
561 1214 690 1285 τούτων
728 1221 775 1295 είς
811 1216 960 1304 μεγάλην
992 1219 1150 1286 ἐπίδοσιν

92 1354 118 1393 ιο
131 1330 314 1410 προελθεῖν
342 1319 473 1391 ἅπαντα
500 1320 562 1408 μὲν
592 1320 653 1390 οάκ
680 1320 762 1404 ἀξιῶ
789 1322 950 1411 γράφειν,
980 1320 1018 1392 τὸ
1041 1328 1152 1410 μῆκος

131 1425 352 1517 ὑφορώμενος
373 1432 435 1497 τοῦ
458 1427 563 1515 λόγου
581 1428 636 1497 καὶ
654 1427 723 1517 άμα
748 1427 820 1497 οὐδ’
842 1427 1029 1516 ἀναγκαίαν
1054 1427 1151 1518 ὁρῶν

131 1533 193 1621 τὴν
217 1531 419 1622 ἀναγραφὴν
440 1533 553 1604 αὐτων
570 1533 781 1621 Ἑλληνικαῖς
802 1539 979 1624 ἱστορίαις,
1000 1533 1084 1605 αὐτά
1110 1537 1152 1606 δὲ

130 1639 171 1710 τά
193 1641 382 1730 κυριώτατα
409 1641 466 1709 καὶ
495 1640 648 1731 φανεράν
678 1641 852 1729 δυνάμενα
874 1647 1013 1732 ποιησαι
1034 1640 1152 1714 πάσαν

131 1746 194 1834 τὴν
222 1754 419 1836 προαίρεσιν
447 1752 509 1816 τοῦ
532 1746 659 1836 ἀνδρὸς
686 1749 739 1816 ἐπὶ
763 1755 956 1836 κεφαλαίων
980 1753 1061 1840 ἐρῶ,
1083 1750 1151 1839 τὴν

91 1883 118 1923 15
132 1850 240 1941 ἀρχὴν
269 1851 334 1921 ἀπὸ
361 1858 421 1941 τῆς
448 1855 524 1942 περὶ
551 1851 591 1923 τά
623 1864 702 1922 θεῖα
731 1855 981 1948 διακοσμήσεως
1007 1858 1153 1943 ποιησά-

92 1964 241 2048 2μενος.
288 1959 350 2029 ὅσα
374 1961 435 2049 μὲν
460 1953 523 2029 οὖν
547 1959 614 2029 ὑπὸ
634 1958 807 2049 Ῥωμύλον
825 1965 992 2051 ταχθέντα
1015 1966 1053 2032 έν
1077 1967 1153 2033 ἐθι-

133 2081 230 2155 σμοῖς
255 2093 291 2135 τε
319 2068 375 2136 καὶ
402 2067 522 2155 νόμοις
550 2070 753 2158 παρέλαβεν,
786 2066 850 2136 ἀπὸ
878 2072 939 2137 τοῦ
968 2075 1154 2157 κρατίστου

132 2173 291 2260 τετάχθαι
319 2172 428 2243 πάντα
457 2171 668 2261 ἡγησάμενος
695 2181 747 2240 εία
773 2171 856 2241 κατά
884 2173 999 2263 χώραν
1022 2179 1153 2263 μένειν,

134 2278 197 2348 ὅσα
234 2278 264 2348 δ’
295 2276 353 2347 ὑπ’
394 2283 526 2348 ἐκείνου
567 2287 834 2369 παραλελεῖφθαι
876 2280 985 2350 ἐδόκει
992 2331 1003 2367 ,
1044 2287 1155 2351 ταῦτα

94 2419 121 2457 νο
134 2393 328 2475 προσετίθει
354 2385 461 2454 πολλὰ
490 2385 552 2473 μὲν
581 2385 782 2466 ἀποδεικνὺς
808 2391 928 2474 τεμένη
957 2401 1028 2467 τοῖς
1050 2387 1153 2475 μήπω

132 2497 238 2581 τιμῶν
275 2492 482 2580 τυγχάνουσι
519 2502 629 2580 θεοῖς,
666 2493 811 2574 πολλοὺς
849 2494 887 2562 δὲ
922 2491 1058 2582 βωμοὺς
1093 2498 1155 2565 καὶ

133 2597 238 2680 ναοὺς
261 2599 463 2688 ἱδρυόμενος
487 2601 603 2687 ἑορτάς
624 2627 660 2670 τε
685 2600 809 2693 ἑκάστῳ
834 2598 946 2670 αὐτῶν
968 2600 1155 2689 ἀπονέμων

134 2706 190 2774 καὶ
225 2705 305 2786 τοὺς
347 2708 652 2795 ἐπιμελησομένους
692 2706 804 2777 αὐτῶν
846 2712 946 2796 ίερεῖς
986 2708 1156 2790 καθιστὰς

135 2810 270 2898 ἁγνείας
292 2839 328 2880 τε
351 2813 407 2880 καὶ
429 2820 613 2901 θρησκείας
634 2815 690 2882 καὶ
713 2813 910 2903 καθαρμοὺς
932 2815 988 2883 καὶ
1010 2813 1069 2894 τάς
1093 2813 1155 2886 άλ-

95 2948 122 2990 25
135 2927 195 2999 λας
225 2925 407 3006 θεραπείας
442 2920 498 2987 καὶ
529 2919 626 3009 τιμάς
656 2920 748 2990 πάνυ
778 2918 903 3002 πολλάς
939 2927 1156 3010 νομοθετῶν,

137 3024 216 3104 ὅσας
240 3024 319 3093 οὔθ’
337 3023 492 3112 Ἑλληνὶς
516 3025 592 3095 οὔτε
616 3027 786 3116 βάρβαρος
809 3033 875 3115 ἔχει
897 3026 995 3107 πόλις
1013 3024 1088 3096 οὐδ’
1117 3035 1158 3100 αί

97 3137 117 3200 3
136 3134 293 3219 μέγιστον
319 3131 369 3202 ἐπ’
395 3130 547 3223 εὐσεβείᾳ
566 3137 759 3222 φρονοῦσαί
777 3155 870 3203 ποτε·
897 3131 1003 3202 αὐτόν
1025 3162 1061 3204 τε
1083 3135 1209 3206 τὸνσῖο

131 3237 303 3326 Ῥωμύλον
333 3236 378 3318 ὡς
403 3232 577 3326 κρείττονα
605 3239 791 3327 γενόμενον
820 3236 841 3327 ἢ
869 3239 951 3309 κατὰ
979 3238 1041 3328 τὴν
1065 3251 1156 3333 θνη-

207 3393 281 3455 ῖάν
299 3399 353 3454 del.
372 3398 522 3469 Biicheler,
540 3399 670 3454 Meineke
749 3396 819 3454 6τά
843 3418 896 3457 om.
920 3403 942 3455 A
1015 3407 1031 3456 9
1052 3398 1155 3462 ἑκατέ-

137 3490 193 3539 ρων
207 3471 232 3525 Α
288 3477 320 3524 12
340 3465 513 3542 ἀναγραφὴν
526 3471 667 3541 Kiessling
685 3467 800 3543 γραφὴν
816 3473 838 3526 Ο
893 3477 928 3528 24
942 3476 1114 3544 θρηισκείας
1129 3480 1155 3535 Α
