2454 3916
568 210 736 262 ,Γ-

104 375 190 464 3τῷ
214 368 279 459 πρὸ
307 368 430 438 τούτου
457 365 547 459 λόγῳ
576 366 766 455 δεδήλωταί
791 392 857 453 μοι.
903 368 939 434 έκ
961 364 1093 434 τούτων
1118 366 1159 455 δή

143 483 212 547 τῶν
249 474 463 563 ἐγκλημάτων
496 479 544 553 είς
578 472 728 559 πόλεμον
762 472 984 554 καταστάντες
1020 471 1161 563 ἐξῄεσαν

145 590 192 664 είς
213 582 387 671 ὕπαιθρον
407 579 592 669 ἀμφότεροι
616 580 782 667 δυνάμεσι
804 587 954 666 πολλαῖς,
972 583 1107 666 γίνεταί
1126 607 1161 649 τε

144 689 258 760 αὐτῶν
277 691 314 757 ἐκ
332 687 544 777 παρατάξεως
561 683 668 773 ἀγόν·
692 688 850 773 διέμενον
868 683 933 774 γάρ
950 684 1206 776 ἀγχωμάλωςῖοῖ

117 795 389 883 σάγωνιζόμενοι
417 794 472 862 καὶ
500 792 709 880 διελύθησαν
736 790 801 862 ὑπὸ
828 797 887 881 τῆς
913 791 1036 873 νυκτός
1059 792 1163 883 ἀμφί-

144 912 249 989 λοχον
272 901 509 981 καταλιπόντες
531 898 568 968 τὸ
592 905 725 987 νίκημα.
770 915 843 981 ταῖς
866 899 898 967 δ’
925 901 999 988 έξής
1021 898 1162 991 ἡμέραις

145 1007 315 1098 μαθόντες
351 1005 537 1095 ἀμφότεροι
572 1010 640 1074 τῶν
676 1032 712 1074 τε
748 1004 983 1076 ἀπολωλότων·
1005 1011 1062 1077 καί
1092 1013 1161 1078 τῶν

144 1118 359 1201 τραυματιῶν
404 1111 442 1182 τὸ
483 1116 614 1200 πλῆθος
661 1111 771 1182 οὐκέτι
816 1128 936 1203 πεῖραν
977 1114 1161 1202 ἐβούλοντο

147 1221 262 1306 έτέρου
285 1225 403 1306 λαβεῖν
426 1216 573 1304 ἀγῶνος,
601 1214 673 1286 ἀλλ’
700 1218 891 1300 ἐκλιπόντες
912 1217 992 1300 τοὺς
1014 1219 1162 1309 χάρακας

146 1324 310 1416 ἀπῄεσαν·
333 1326 389 1394 καὶ
413 1323 624 1404 διαλιπόντες
646 1323 707 1393 τὸν
726 1325 884 1395 ἐνιαυτὸν
908 1328 1040 1396 ἐκεῖνον
1057 1325 1161 1397 πάλιν

146 1433 285 1524 ἐξῄεσαν
327 1430 378 1500 ἐπ’
416 1429 582 1517 ἀλλήλους
627 1435 780 1517 μείζονας
824 1433 1161 1523 παρασκευασάμενοι

147 1539 323 1627 δυνάμεις,
352 1543 484 1624 γίνεταί
507 1564 542 1605 τε
565 1535 677 1606 αὐτῶν
706 1539 782 1624 περὶ
804 1538 906 1607 πόλιν
926 1537 1072 1628 Ἠρητὸν
1096 1539 1161 1609 ἀπὸ

146 1650 295 1716 σταδίων
319 1643 478 1731 ἑξήκοντα
496 1644 551 1712 καὶ
575 1642 693 1712 ἑκατὸν
714 1648 773 1731 τής
791 1641 919 1733 Ῥώμης
941 1643 1051 1733 ἀγόν,
1075 1639 1161 1740 ένῄ

145 1752 291 1832 πολλοὺς
321 1751 384 1838 μέν
412 1749 614 1838 ἀμφοτέρων
649 1752 775 1838 συνέβη
810 1765 937 1820 πεσεῖν·
975 1752 1162 1842 ἰσορρόπου

107 1884 133 1925 15
148 1860 185 1928 δὲ
207 1857 363 1945 κάκείνης
384 1861 443 1945 τῆς
461 1856 567 1944 μάχης
589 1858 643 1925 ἐπὶ
661 1855 769 1926 πολὺν
790 1858 917 1945 χρόνον
937 1859 1163 1947 διαμενούσης

147 1964 325 2044 ἀνατείνας
342 1969 390 2044 είς
407 1963 468 2033 τὸν
488 1961 637 2047 οὐρανὸν
655 1962 714 2044 τὰς
727 1977 840 2054 χεῖρας
859 1962 877 2034 ὁ
897 1965 1024 2046 Τάλλος
1042 1964 1160 2049 εὔξατο

146 2085 217 2151 τοῖς
248 2080 357 2157 θεοῖς,
395 2068 455 2138 έάν
491 2069 612 2158 νικήσῃ
648 2075 689 2160 τῄ
725 2070 801 2140 τόθ’
836 2069 943 2162 ἡμέρα
974 2078 1161 2160 Σαβίνους,

148 2177 288 2263 Κρόνου
315 2203 350 2247 τε
379 2179 434 2245 καὶ
453 2174 544 2256 Ῥέας
566 2177 835 2273 καταστήσεσθαι
864 2181 1056 2265 δημοτελεῖς
1085 2182 1208 2267 §op-508

146 2284 220 2370 τάς,
244 2279 284 2363 ἀς
307 2283 429 2370 ἀχονσι
447 2281 604 2370 Ῥωμαῖοι
626 2282 706 2353 καθ’
734 2286 873 2354 ἕκαστον
897 2285 1054 2354 ἐνιαυτόν
1079 2286 1161 2357 ὅταν

107 2415 135 2456 εο
148 2388 297 2470 ἅπαντας
323 2389 402 2471 τοὺς
429 2393 465 2459 ἐκ
492 2394 554 2477 γῆς
581 2396 809 2477 συγκομίσωσι
836 2392 999 2481 καρπούς,
1021 2393 1162 2464 καὶτὸν

146 2501 215 2566 τῶν
239 2503 379 2566 Σαλίων
401 2497 620 2584 καλουμένων
645 2497 879 2566 διπλασιάσειν
902 2497 1064 2587 ἀριθμόν.
1106 2493 1163 2570 οὗ·

146 2630 199 2672 τοι
237 2601 268 2670 δ’
301 2605 367 2672 είσλ
407 2605 560 2690 πατέρων
602 2600 751 2689 εὐγενῶν
792 2607 969 2684 ἐνοπλίους
1008 2604 1163 2696 ὀρχήσεις

145 2709 343 2799 κινούμενοι
361 2707 446 2798 πρὸς
464 2707 569 2778 αὐλόν
593 2712 724 2800 ἐντοῖς
743 2711 933 2798 καθήκουσι
951 2711 1090 2800 χρόνοις
1106 2713 1162 2783 καὶ

147 2814 278 2904 ὕμνους
304 2815 400 2896 τινας
427 2814 566 2907 ᾅδοντες
592 2822 769 2904 πατρίους,
799 2815 845 2898 ὡς
871 2820 908 2887 έν
935 2822 981 2911 τῷ
1009 2822 1161 2912 προτέρῳ

106 2891 322 3022 Ξδεδήλωκα
345 2920 444 3012 λόγῳ.
489 2920 570 3010 μετὰ
598 2922 637 2990 δέ
663 2921 726 3010 τήν
752 2920 855 3011 εὐχὴν
881 2923 1008 3012 ταύτην
1030 2925 1162 3015 θάρσος

106 1302 128 1364 4

106 1389 133 1429 10

219 3123 235 3171 3
254 3110 413 3187 ἀμφότεροι
431 3118 454 3171 Β
469 3133 523 3172 om.
537 3118 563 3171 R
621 3124 638 3173 4
657 3113 735 3188 ἀχάν
754 3113 829 3190 μάλα
843 3114 979 3190 καρτερός
997 3138 1021 3177 ο.
1035 3122 1159 3194 Reiskel

147 3186 281 3257 διέμενον
300 3186 332 3243 δὲ
352 3205 376 3242 ο.
390 3189 492 3244 Portus
507 3192 512 3255 Ι
528 3189 577 3243 καλ
596 3191 662 3244 ante
677 3188 810 3260 διέμενον
829 3191 979 3246 collocavit
997 3191 1072 3248 Smit
1096 3193 1160 3251 Obs.

146 3278 174 3330 p.
196 3266 229 3315 10
285 3265 318 3313 12
337 3254 535 3333 <νή>ριτονΒ
598 3266 630 3316 13
650 3256 789 3330 ἑξήκοντα
806 3261 830 3314 Β
850 3256 922 3316 έπτά
939 3263 965 3316 R
1020 3270 1055 3320 18
1074 3285 1160 3321 κατα-

147 3327 350 3400 στήσασθαιΟ
428 3335 463 3385 20
486 3325 551 3392 τοὺς
574 3327 607 3386 έκ
630 3331 726 3401 ηήςΒ
755 3328 788 3387 έκ
829 3332 862 3400 ἧς
883 3328 994 3396 τοδςΒ
1067 3337 1160 3392 21δι-

145 3396 338 3456 πλασιάσιτΒ
416 3408 450 3457 22
469 3400 635 3469 δέΒΙείσλ
654 3419 708 3458 om.
725 3351 827 3474 Βαλί

142 3468 199 3535 ,οὓς
217 3471 270 3526 ΑΒ
344 3478 377 3528 25
396 3471 539 3542 δεδήλωκε
558 3473 584 3526 Α

67 3612 113 3680 Ι

823 3399 934 3460 νόπλιοι
952 3405 978 3460 Α
1057 3412 1093 3463 24
1111 3403 1158 3478 ὡς]
