<?xml version="1.0" encoding="UTF-8"?>
<!DOCTYPE html PUBLIC "-//W3C//DTD XHTML 1.0 Transitional//EN"
    "http://www.w3.org/TR/xhtml1/DTD/xhtml1-transitional.dtd">
<html xmlns="http://www.w3.org/1999/xhtml" xml:lang="en" lang="en">
 <head>
  <title>
</title>
<meta http-equiv="Content-Type" content="text/html;charset=utf-8" />
  <meta name='ocr-system' content='tesseract 3.04.00' />
  <meta name='ocr-capabilities' content='ocr_page ocr_carea ocr_par ocr_line ocrx_word'/>
</head>
<body>
  <div class='ocr_page' id='page_1' title='image "./dionysihalicarn01diongoog_0394.png"; bbox 0 0 2454 3916; ppageno 0'>
   <div class='ocr_carea' id='block_1_1' title="bbox 581 212 747 264">
    <p class='ocr_par' dir='ltr' id='par_1_1' title="bbox 581 212 747 264">
     <span class='ocr_line' id='line_1_1' title="bbox 581 212 747 264; baseline 0 -15"><span class='ocrx_word' id='word_1_1' title='bbox 581 212 747 264; x_wconf 78' lang='grc' dir='ltr'><strong><em>..Γ-</em></strong></span> 
     </span>
    </p>
   </div>
   <div class='ocr_carea' id='block_1_2' title="bbox 119 361 1217 3120">
    <p class='ocr_par' dir='ltr' id='par_1_2' title="bbox 119 361 1217 3120">
     <span class='ocr_line' id='line_1_2' title="bbox 156 361 1173 455; baseline 0 -19"><span class='ocrx_word' id='word_1_2' title='bbox 156 376 218 437; x_wconf 94' lang='grc' dir='ltr'><strong><em>λον</em></strong></span> <span class='ocrx_word' id='word_1_3' title='bbox 241 367 258 437; x_wconf 87' lang='grc' dir='ltr'>ὁ</span> <span class='ocrx_word' id='word_1_4' title='bbox 283 366 440 454; x_wconf 81' lang='grc' dir='ltr'><strong><em>βασιλεὺς</em></strong></span> <span class='ocrx_word' id='word_1_5' title='bbox 463 370 693 454; x_wconf 77' lang='grc' dir='ltr'><strong><em>ἐστράτευσεν·</em></strong></span> <span class='ocrx_word' id='word_1_6' title='bbox 715 361 759 455; x_wconf 80' lang='grc' dir='ltr'><strong><em>ἦν</em></strong></span> <span class='ocrx_word' id='word_1_7' title='bbox 778 371 816 437; x_wconf 75' lang='grc' dir='ltr'><strong><em>δέ</em></strong></span> <span class='ocrx_word' id='word_1_8' title='bbox 834 366 972 454; x_wconf 90' lang='grc' dir='ltr'><strong><em>κάκείνη</em></strong></span> <span class='ocrx_word' id='word_1_9' title='bbox 989 373 1053 436; x_wconf 86' lang='grc' dir='ltr'><strong><em>τοῦ</em></strong></span> <span class='ocrx_word' id='word_1_10' title='bbox 1071 374 1173 436; x_wconf 87' lang='grc' dir='ltr'><strong><em>Λατί-</em></strong></span> 
     </span>
     <span class='ocr_line' id='line_1_3' title="bbox 157 473 1217 562; baseline -0.004 -19"><span class='ocrx_word' id='word_1_11' title='bbox 157 503 228 544; x_wconf 93' lang='grc' dir='ltr'><strong><em>νων</em></strong></span> <span class='ocrx_word' id='word_1_12' title='bbox 265 481 389 556; x_wconf 85' lang='grc' dir='ltr'><strong><em>ἐθνους</em></strong></span> <span class='ocrx_word' id='word_1_13' title='bbox 420 473 441 562; x_wconf 81' lang='grc' dir='ltr'>ἡ</span> <span class='ocrx_word' id='word_1_14' title='bbox 479 474 582 556; x_wconf 97' lang='grc' dir='ltr'><strong><em>πόλις.</em></strong></span> <span class='ocrx_word' id='word_1_15' title='bbox 643 474 847 562; x_wconf 78' lang='grc' dir='ltr'><strong><em>λεηλατήσας</em></strong></span> <span class='ocrx_word' id='word_1_16' title='bbox 884 474 922 543; x_wconf 72' lang='grc' dir='ltr'><strong><em>δὲ</em></strong></span> <span class='ocrx_word' id='word_1_17' title='bbox 956 473 1020 561; x_wconf 85' lang='grc' dir='ltr'><strong><em>τήν</em></strong></span> <span class='ocrx_word' id='word_1_18' title='bbox 1053 473 1217 562; x_wconf 73' lang='grc' dir='ltr'><strong><em>χάρανίεε</em></strong></span> 
     </span>
     <span class='ocr_line' id='line_1_4' title="bbox 157 578 1174 668; baseline 0 -19"><span class='ocrx_word' id='word_1_19' title='bbox 157 579 269 650; x_wconf 76' lang='grc' dir='ltr'><strong><em>αὐτόν</em></strong></span> <span class='ocrx_word' id='word_1_20' title='bbox 306 585 390 650; x_wconf 84' lang='grc' dir='ltr'><strong><em>κατὰ</em></strong></span> <span class='ocrx_word' id='word_1_21' title='bbox 432 579 561 668; x_wconf 79' lang='grc' dir='ltr'><strong><em>πολλὴν</em></strong></span> <span class='ocrx_word' id='word_1_22' title='bbox 602 579 720 650; x_wconf 87' lang='grc' dir='ltr'><strong><em>ἀδειαν</em></strong></span> <span class='ocrx_word' id='word_1_23' title='bbox 764 579 905 662; x_wconf 83' lang='grc' dir='ltr'><strong><em>οὐδενὸς</em></strong></span> <span class='ocrx_word' id='word_1_24' title='bbox 945 578 1028 666; x_wconf 77' lang='grc' dir='ltr'><strong><em>ὑπὲρ</em></strong></span> <span class='ocrx_word' id='word_1_25' title='bbox 1069 579 1174 668; x_wconf 82' lang='grc' dir='ltr'><strong><em>αύτης</em></strong></span> 
     </span>
     <span class='ocr_line' id='line_1_5' title="bbox 158 685 1172 776; baseline 0.002 -21"><span class='ocrx_word' id='word_1_26' title='bbox 158 685 376 776; x_wconf 80' lang='grc' dir='ltr'><strong><em>ἀμυνομένου</em></strong></span> <span class='ocrx_word' id='word_1_27' title='bbox 403 686 486 773; x_wconf 87' lang='grc' dir='ltr'><strong><em>πρός</em></strong></span> <span class='ocrx_word' id='word_1_28' title='bbox 513 686 620 774; x_wconf 84' lang='grc' dir='ltr'><strong><em>αὐτὴν</em></strong></span> <span class='ocrx_word' id='word_1_29' title='bbox 643 687 857 772; x_wconf 79' lang='grc' dir='ltr'><strong><em>στρατεύεται</em></strong></span> <span class='ocrx_word' id='word_1_30' title='bbox 883 685 946 774; x_wconf 82' lang='grc' dir='ltr'><strong><em>τὴν</em></strong></span> <span class='ocrx_word' id='word_1_31' title='bbox 968 686 1068 756; x_wconf 92' lang='grc' dir='ltr'><strong><em>πόλιν</em></strong></span> <span class='ocrx_word' id='word_1_32' title='bbox 1091 712 1172 774; x_wconf 87' lang='grc' dir='ltr'><strong><em>προ-</em></strong></span> 
     </span>
     <span class='ocr_line' id='line_1_6' title="bbox 131 791 1173 882; baseline 0 -20"><span class='ocrx_word' id='word_1_33' title='bbox 131 795 364 882; x_wconf 72' lang='grc' dir='ltr'><strong><em>σκαλούμενος</em></strong></span> <span class='ocrx_word' id='word_1_34' title='bbox 385 793 465 874; x_wconf 79' lang='grc' dir='ltr'><strong><em>τοὺς</em></strong></span> <span class='ocrx_word' id='word_1_35' title='bbox 487 794 615 880; x_wconf 82' lang='grc' dir='ltr'><strong><em>ἀνδρας</em></strong></span> <span class='ocrx_word' id='word_1_36' title='bbox 643 799 691 874; x_wconf 91' lang='grc' dir='ltr'><strong><em>είς</em></strong></span> <span class='ocrx_word' id='word_1_37' title='bbox 718 800 849 881; x_wconf 84' lang='grc' dir='ltr'><strong><em>φιλίαν</em></strong></span> <span class='ocrx_word' id='word_1_38' title='bbox 882 791 924 864; x_wconf 86' lang='grc' dir='ltr'><strong><em>ού</em></strong></span> <span class='ocrx_word' id='word_1_39' title='bbox 952 795 1173 880; x_wconf 80' lang='grc' dir='ltr'><strong><em>βουλομένων</em></strong></span> 
     </span>
     <span class='ocr_line' id='line_1_7' title="bbox 159 898 1173 988; baseline 0 -20"><span class='ocrx_word' id='word_1_40' title='bbox 159 903 196 970; x_wconf 77' lang='grc' dir='ltr'><strong><em>δὲ</em></strong></span> <span class='ocrx_word' id='word_1_41' title='bbox 225 899 338 971; x_wconf 78' lang='grc' dir='ltr'><strong><em>αὐτων</em></strong></span> <span class='ocrx_word' id='word_1_42' title='bbox 369 905 418 981; x_wconf 90' lang='grc' dir='ltr'><strong><em>είς</em></strong></span> <span class='ocrx_word' id='word_1_43' title='bbox 445 899 626 987; x_wconf 81' lang='grc' dir='ltr'><strong><em>διαλλαγὰς</em></strong></span> <span class='ocrx_word' id='word_1_44' title='bbox 654 903 783 988; x_wconf 79' lang='grc' dir='ltr'><strong><em>ἐλθεῖν,</em></strong></span> <span class='ocrx_word' id='word_1_45' title='bbox 814 898 911 968; x_wconf 88' lang='grc' dir='ltr'><strong><em>ἀλλάΙ</em></strong></span> <span class='ocrx_word' id='word_1_46' title='bbox 929 900 986 968; x_wconf 80' lang='grc' dir='ltr'><strong><em>καί</em></strong></span> <span class='ocrx_word' id='word_1_47' title='bbox 1015 903 1078 969; x_wconf 87' lang='grc' dir='ltr'><strong><em>τοῦ</em></strong></span> <span class='ocrx_word' id='word_1_48' title='bbox 1109 906 1173 969; x_wconf 79' lang='grc' dir='ltr'><strong><em>τεί</em></strong></span> 
     </span>
     <span class='ocr_line' id='line_1_8' title="bbox 158 1006 1174 1096; baseline 0 -20"><span class='ocrx_word' id='word_1_49' title='bbox 158 1034 239 1095; x_wconf 88' lang='grc' dir='ltr'><strong><em>χους</em></strong></span> <span class='ocrx_word' id='word_1_50' title='bbox 265 1011 306 1096; x_wconf 76' lang='grc' dir='ltr'><strong><em>τῇ</em></strong></span> <span class='ocrx_word' id='word_1_51' title='bbox 335 1006 510 1096; x_wconf 81' lang='grc' dir='ltr'><strong><em>ἐχυρότητι</em></strong></span> <span class='ocrx_word' id='word_1_52' title='bbox 540 1006 754 1076; x_wconf 77' lang='grc' dir='ltr'><strong><em>πεποιθότων</em></strong></span> <span class='ocrx_word' id='word_1_53' title='bbox 786 1007 843 1075; x_wconf 81' lang='grc' dir='ltr'><strong><em>καὶ</em></strong></span> <span class='ocrx_word' id='word_1_54' title='bbox 875 1012 1063 1094; x_wconf 82' lang='grc' dir='ltr'><strong><em>συμμαχίας</em></strong></span> <span class='ocrx_word' id='word_1_55' title='bbox 1094 1015 1174 1076; x_wconf 88' lang='grc' dir='ltr'><strong><em>πολ-</em></strong></span> 
     </span>
     <span class='ocr_line' id='line_1_9' title="bbox 159 1111 1175 1201; baseline 0 -20"><span class='ocrx_word' id='word_1_56' title='bbox 159 1113 306 1200; x_wconf 90' lang='grc' dir='ltr'><strong><em>λαχόθεν</em></strong></span> <span class='ocrx_word' id='word_1_57' title='bbox 329 1112 423 1200; x_wconf 83' lang='grc' dir='ltr'><strong><em>ἥξειν</em></strong></span> <span class='ocrx_word' id='word_1_58' title='bbox 447 1114 627 1201; x_wconf 84' lang='grc' dir='ltr'><strong><em>οίομένων,</em></strong></span> <span class='ocrx_word' id='word_1_59' title='bbox 650 1115 727 1201; x_wconf 87' lang='grc' dir='ltr'><strong><em>περὶ</em></strong></span> <span class='ocrx_word' id='word_1_60' title='bbox 749 1112 859 1183; x_wconf 87' lang='grc' dir='ltr'><strong><em>πάντα</em></strong></span> <span class='ocrx_word' id='word_1_61' title='bbox 882 1111 943 1182; x_wconf 89' lang='grc' dir='ltr'><strong><em>τὸν</em></strong></span> <span class='ocrx_word' id='word_1_62' title='bbox 965 1114 1094 1181; x_wconf 80' lang='grc' dir='ltr'><strong><em>κύκλον</em></strong></span> <span class='ocrx_word' id='word_1_63' title='bbox 1116 1117 1175 1200; x_wconf 82' lang='grc' dir='ltr'><strong><em>τῆς</em></strong></span> 
     </span>
     <span class='ocr_line' id='line_1_10' title="bbox 121 1218 1175 1308; baseline 0.004 -23"><span class='ocrx_word' id='word_1_64' title='bbox 121 1219 287 1301; x_wconf 84' lang='grc' dir='ltr'><strong><em>5πόλεως</em></strong></span> <span class='ocrx_word' id='word_1_65' title='bbox 313 1218 377 1307; x_wconf 80' lang='grc' dir='ltr'><strong><em>τὴν</em></strong></span> <span class='ocrx_word' id='word_1_66' title='bbox 404 1222 551 1307; x_wconf 88' lang='grc' dir='ltr'><strong><em>δύναμιν</em></strong></span> <span class='ocrx_word' id='word_1_67' title='bbox 582 1219 781 1308; x_wconf 81' lang='grc' dir='ltr'><strong><em>περιστήσας</em></strong></span> <span class='ocrx_word' id='word_1_68' title='bbox 811 1219 1023 1307; x_wconf 78' lang='grc' dir='ltr'><strong><em>ἐτειχομάχει.</em></strong></span> <span class='ocrx_word' id='word_1_69' title='bbox 1075 1223 1112 1288; x_wconf 90' lang='grc' dir='ltr'><strong><em>οί</em></strong></span> <span class='ocrx_word' id='word_1_70' title='bbox 1137 1219 1175 1289; x_wconf 72' lang='grc' dir='ltr'><strong><em>δὲ</em></strong></span> 
     </span>
     <span class='ocr_line' id='line_1_11' title="bbox 119 1323 1175 1415; baseline 0 -21"><span class='ocrx_word' id='word_1_71' title='bbox 119 1343 146 1383; x_wconf 89' lang='lat'><strong><em>1⁰</em></strong></span> <span class='ocrx_word' id='word_1_72' title='bbox 159 1327 410 1411; x_wconf 80' lang='grc' dir='ltr'><strong><em>Κορνικολανοὶ</em></strong></span> <span class='ocrx_word' id='word_1_73' title='bbox 432 1325 544 1395; x_wconf 82' lang='grc' dir='ltr'><strong><em>πολύν</em></strong></span> <span class='ocrx_word' id='word_1_74' title='bbox 566 1327 627 1414; x_wconf 74' lang='grc' dir='ltr'><strong><em>μὲν</em></strong></span> <span class='ocrx_word' id='word_1_75' title='bbox 653 1326 778 1415; x_wconf 90' lang='grc' dir='ltr'><strong><em>χρόνον</em></strong></span> <span class='ocrx_word' id='word_1_76' title='bbox 803 1325 985 1413; x_wconf 79' lang='grc' dir='ltr'><strong><em>[ἀντεῖχον]</em></strong></span> <span class='ocrx_word' id='word_1_77' title='bbox 1009 1323 1175 1415; x_wconf 79' lang='grc' dir='ltr'><strong><em>ἀνδρείως</em></strong></span> 
     </span>
     <span class='ocr_line' id='line_1_12' title="bbox 159 1431 1175 1521; baseline 0 -21"><span class='ocrx_word' id='word_1_78' title='bbox 159 1431 410 1521; x_wconf 88' lang='grc' dir='ltr'><strong><em>ἀπομαχόμενοι</em></strong></span> <span class='ocrx_word' id='word_1_79' title='bbox 440 1435 522 1519; x_wconf 80' lang='grc' dir='ltr'><strong><em>[καὶ]</em></strong></span> <span class='ocrx_word' id='word_1_80' title='bbox 545 1431 670 1514; x_wconf 83' lang='grc' dir='ltr'><strong><em>πολλάς</em></strong></span> <span class='ocrx_word' id='word_1_81' title='bbox 696 1447 767 1513; x_wconf 81' lang='grc' dir='ltr'><strong><em>τοῖς</em></strong></span> <span class='ocrx_word' id='word_1_82' title='bbox 792 1436 1023 1521; x_wconf 81' lang='grc' dir='ltr'><strong><em>προσβαλοῦσι</em></strong></span> <span class='ocrx_word' id='word_1_83' title='bbox 1046 1431 1175 1519; x_wconf 80' lang='grc' dir='ltr'><strong><em>πληγὰς</em></strong></span> 
     </span>
     <span class='ocr_line' id='line_1_13' title="bbox 159 1538 1184 1629; baseline -0.001 -22"><span class='ocrx_word' id='word_1_84' title='bbox 159 1544 304 1627; x_wconf 82' lang='grc' dir='ltr'><strong><em>ἔδωκαν,</em></strong></span> <span class='ocrx_word' id='word_1_85' title='bbox 331 1539 518 1627; x_wconf 88' lang='grc' dir='ltr'><strong><em>κάμνοντες</em></strong></span> <span class='ocrx_word' id='word_1_86' title='bbox 549 1540 586 1609; x_wconf 77' lang='grc' dir='ltr'><strong><em>δέ</em></strong></span> <span class='ocrx_word' id='word_1_87' title='bbox 618 1543 658 1629; x_wconf 77' lang='grc' dir='ltr'><strong><em>τῇ</em></strong></span> <span class='ocrx_word' id='word_1_88' title='bbox 690 1545 845 1629; x_wconf 76' lang='grc' dir='ltr'><strong><em>συνεχείᾳ</em></strong></span> <span class='ocrx_word' id='word_1_89' title='bbox 874 1543 945 1607; x_wconf 78' lang='grc' dir='ltr'><strong><em>τῶν</em></strong></span> <span class='ocrx_word' id='word_1_90' title='bbox 970 1538 1089 1608; x_wconf 91' lang='grc' dir='ltr'><strong><em>πόνων</em></strong></span> <span class='ocrx_word' id='word_1_91' title='bbox 1118 1540 1184 1608; x_wconf 82' lang='grc' dir='ltr'><strong><em>καλ</em></strong></span> 
     </span>
     <span class='ocr_line' id='line_1_14' title="bbox 160 1643 1174 1733; baseline 0.001 -19"><span class='ocrx_word' id='word_1_92' title='bbox 160 1644 240 1714; x_wconf 76' lang='grc' dir='ltr'><strong><em>οὐδὲ</em></strong></span> <span class='ocrx_word' id='word_1_93' title='bbox 271 1644 333 1733; x_wconf 83' lang='grc' dir='ltr'><strong><em>την</em></strong></span> <span class='ocrx_word' id='word_1_94' title='bbox 371 1643 476 1732; x_wconf 84' lang='grc' dir='ltr'><strong><em>αύτὴν</em></strong></span> <span class='ocrx_word' id='word_1_95' title='bbox 514 1651 561 1715; x_wconf 82' lang='grc' dir='ltr'><strong><em>ἔτι</em></strong></span> <span class='ocrx_word' id='word_1_96' title='bbox 596 1644 737 1733; x_wconf 84' lang='grc' dir='ltr'><strong><em>γνοόμην</em></strong></span> <span class='ocrx_word' id='word_1_97' title='bbox 769 1644 912 1726; x_wconf 86' lang='grc' dir='ltr'><strong><em>άπαντες</em></strong></span> <span class='ocrx_word' id='word_1_98' title='bbox 948 1644 1174 1732; x_wconf 78' lang='grc' dir='ltr'><strong><em>φυλάττοντες</em></strong></span> 
     </span>
     <span class='ocr_line' id='line_1_15' title="bbox 161 1751 1174 1842; baseline 0.002 -23"><span class='ocrx_word' id='word_1_99' title='bbox 161 1753 245 1842; x_wconf 77' lang='grc' dir='ltr'><strong><em>(τοῖς</em></strong></span> <span class='ocrx_word' id='word_1_100' title='bbox 267 1751 329 1839; x_wconf 72' lang='grc' dir='ltr'><strong><em>μὲν</em></strong></span> <span class='ocrx_word' id='word_1_101' title='bbox 351 1751 416 1838; x_wconf 83' lang='grc' dir='ltr'><strong><em>γάρ</em></strong></span> <span class='ocrx_word' id='word_1_102' title='bbox 440 1751 549 1821; x_wconf 90' lang='grc' dir='ltr'><strong><em>ἐδόκει</em></strong></span> <span class='ocrx_word' id='word_1_103' title='bbox 571 1751 800 1841; x_wconf 76' lang='grc' dir='ltr'><strong><em>παραδιδόναι</em></strong></span> <span class='ocrx_word' id='word_1_104' title='bbox 822 1751 885 1839; x_wconf 82' lang='grc' dir='ltr'><strong><em>τήν</em></strong></span> <span class='ocrx_word' id='word_1_105' title='bbox 907 1751 1019 1839; x_wconf 85' lang='grc' dir='ltr'><strong><em>πόλιν,</em></strong></span> <span class='ocrx_word' id='word_1_106' title='bbox 1042 1766 1113 1833; x_wconf 85' lang='grc' dir='ltr'><strong><em>τοίς</em></strong></span> <span class='ocrx_word' id='word_1_107' title='bbox 1137 1751 1174 1821; x_wconf 82' lang='grc' dir='ltr'><strong><em>δέ</em></strong></span> 
     </span>
     <span class='ocr_line' id='line_1_16' title="bbox 120 1855 1174 1948; baseline 0.004 -25"><span class='ocrx_word' id='word_1_108' title='bbox 120 1881 146 1924; x_wconf 81' lang='lat'><strong><em>15</em></strong></span> <span class='ocrx_word' id='word_1_109' title='bbox 161 1860 256 1946; x_wconf 85' lang='grc' dir='ltr'><strong><em>μέχρι</em></strong></span> <span class='ocrx_word' id='word_1_110' title='bbox 274 1857 399 1938; x_wconf 87' lang='grc' dir='ltr'><strong><em>παντὸς</em></strong></span> <span class='ocrx_word' id='word_1_111' title='bbox 418 1855 584 1948; x_wconf 79' lang='grc' dir='ltr'><strong><em>ἀντέχειν)</em></strong></span> <span class='ocrx_word' id='word_1_112' title='bbox 604 1856 649 1928; x_wconf 90' lang='grc' dir='ltr'><strong><em>δι’</em></strong></span> <span class='ocrx_word' id='word_1_113' title='bbox 666 1856 748 1928; x_wconf 81' lang='grc' dir='ltr'><strong><em>αὐτὸ</em></strong></span> <span class='ocrx_word' id='word_1_114' title='bbox 767 1857 804 1927; x_wconf 88' lang='grc' dir='ltr'><strong><em>τὸ</em></strong></span> <span class='ocrx_word' id='word_1_115' title='bbox 823 1857 1012 1940; x_wconf 78' lang='grc' dir='ltr'><strong><em>στασιάζειν</em></strong></span> <span class='ocrx_word' id='word_1_116' title='bbox 1031 1861 1174 1945; x_wconf 88' lang='grc' dir='ltr'><strong><em>μάλιστα</em></strong></span> 
     </span>
     <span class='ocr_line' id='line_1_17' title="bbox 120 1959 1174 2054; baseline 0.006 -25"><span class='ocrx_word' id='word_1_117' title='bbox 120 1963 449 2052; x_wconf 87' lang='grc' dir='ltr'><strong><em>6καταπονούμενοι</em></strong></span> <span class='ocrx_word' id='word_1_118' title='bbox 480 1967 564 2034; x_wconf 86' lang='grc' dir='ltr'><strong><em>κατά</em></strong></span> <span class='ocrx_word' id='word_1_119' title='bbox 595 1964 716 2054; x_wconf 90' lang='grc' dir='ltr'><strong><em>κράτος</em></strong></span> <span class='ocrx_word' id='word_1_120' title='bbox 749 1965 910 2034; x_wconf 83' lang='grc' dir='ltr'><strong><em>ἑάλωσαν.</em></strong></span> <span class='ocrx_word' id='word_1_121' title='bbox 954 1962 993 2034; x_wconf 89' lang='grc' dir='ltr'><strong><em>τὸ</em></strong></span> <span class='ocrx_word' id='word_1_122' title='bbox 1021 1965 1085 2052; x_wconf 78' lang='grc' dir='ltr'><strong><em>μὲν</em></strong></span> <span class='ocrx_word' id='word_1_123' title='bbox 1111 1959 1174 2035; x_wconf 80' lang='grc' dir='ltr'><strong><em>οὖν</em></strong></span> 
     </span>
     <span class='ocr_line' id='line_1_18' title="bbox 158 2068 1175 2161; baseline 0.005 -25"><span class='ocrx_word' id='word_1_124' title='bbox 158 2068 337 2157; x_wconf 91' lang='grc' dir='ltr'><strong><em>κράτιστον</em></strong></span> <span class='ocrx_word' id='word_1_125' title='bbox 366 2069 478 2140; x_wconf 75' lang='grc' dir='ltr'><strong><em>αὐτόν</em></strong></span> <span class='ocrx_word' id='word_1_126' title='bbox 506 2074 607 2160; x_wconf 83' lang='grc' dir='ltr'><strong><em>μέρος</em></strong></span> <span class='ocrx_word' id='word_1_127' title='bbox 634 2075 671 2141; x_wconf 92' lang='grc' dir='ltr'><strong><em>ἐν</em></strong></span> <span class='ocrx_word' id='word_1_128' title='bbox 699 2076 740 2161; x_wconf 77' lang='grc' dir='ltr'><strong><em>τῇ</em></strong></span> <span class='ocrx_word' id='word_1_129' title='bbox 762 2071 944 2159; x_wconf 78' lang='grc' dir='ltr'><strong><em>καταλήψει</em></strong></span> <span class='ocrx_word' id='word_1_130' title='bbox 965 2075 1024 2159; x_wconf 78' lang='grc' dir='ltr'><strong><em>τῆς</em></strong></span> <span class='ocrx_word' id='word_1_131' title='bbox 1047 2071 1175 2153; x_wconf 88' lang='grc' dir='ltr'><strong><em>πόλεως</em></strong></span> 
     </span>
     <span class='ocr_line' id='line_1_19' title="bbox 160 2176 1173 2269; baseline 0.002 -24"><span class='ocrx_word' id='word_1_132' title='bbox 160 2176 351 2264; x_wconf 88' lang='grc' dir='ltr'><strong><em>μαχόμενον</em></strong></span> <span class='ocrx_word' id='word_1_133' title='bbox 381 2177 568 2269; x_wconf 81' lang='grc' dir='ltr'><strong><em>διεφθάρη,</em></strong></span> <span class='ocrx_word' id='word_1_134' title='bbox 597 2178 635 2247; x_wconf 91' lang='grc' dir='ltr'><strong><em>τὸ</em></strong></span> <span class='ocrx_word' id='word_1_135' title='bbox 667 2178 705 2247; x_wconf 77' lang='grc' dir='ltr'><strong><em>δέ</em></strong></span> <span class='ocrx_word' id='word_1_136' title='bbox 734 2176 873 2265; x_wconf 79' lang='grc' dir='ltr'><strong><em>ἀγεννὲς</em></strong></span> <span class='ocrx_word' id='word_1_137' title='bbox 900 2179 957 2247; x_wconf 79' lang='grc' dir='ltr'><strong><em>καὶ</em></strong></span> <span class='ocrx_word' id='word_1_138' title='bbox 987 2177 1046 2247; x_wconf 84' lang='grc' dir='ltr'><strong><em>διὰ</em></strong></span> <span class='ocrx_word' id='word_1_139' title='bbox 1074 2183 1173 2249; x_wconf 82' lang='grc' dir='ltr'><strong><em>τοῦτο</em></strong></span> 
     </span>
     <span class='ocr_line' id='line_1_20' title="bbox 162 2280 1174 2378; baseline 0.004 -28"><span class='ocrx_word' id='word_1_140' title='bbox 162 2282 276 2351; x_wconf 72' lang='grc' dir='ltr'><strong><em>σωθὲν</em></strong></span> <span class='ocrx_word' id='word_1_141' title='bbox 304 2286 342 2352; x_wconf 85' lang='grc' dir='ltr'><strong><em>ἐν</em></strong></span> <span class='ocrx_word' id='word_1_142' title='bbox 369 2280 598 2373; x_wconf 88' lang='grc' dir='ltr'><strong><em>ἀνδραπόδων</em></strong></span> <span class='ocrx_word' id='word_1_143' title='bbox 625 2284 757 2374; x_wconf 90' lang='grc' dir='ltr'><strong><em>ἐπράθη</em></strong></span> <span class='ocrx_word' id='word_1_144' title='bbox 789 2284 879 2378; x_wconf 85' lang='grc' dir='ltr'><strong><em>λόγφ</em></strong></span> <span class='ocrx_word' id='word_1_145' title='bbox 906 2285 1064 2373; x_wconf 77' lang='grc' dir='ltr'><strong><em>γυναιξὶν</em></strong></span> <span class='ocrx_word' id='word_1_146' title='bbox 1087 2283 1174 2374; x_wconf 81' lang='grc' dir='ltr'><strong><em>ὁμοῦ</em></strong></span> 
     </span>
     <span class='ocr_line' id='line_1_21' title="bbox 121 2387 1174 2479; baseline 0.003 -23"><span class='ocrx_word' id='word_1_147' title='bbox 121 2406 148 2446; x_wconf 75' lang='lat'><strong><em>2⁰</em></strong></span> <span class='ocrx_word' id='word_1_148' title='bbox 161 2389 218 2457; x_wconf 81' lang='grc' dir='ltr'><strong><em>καί</em></strong></span> <span class='ocrx_word' id='word_1_149' title='bbox 234 2391 375 2476; x_wconf 81' lang='grc' dir='ltr'><strong><em>τέκνοις,</em></strong></span> <span class='ocrx_word' id='word_1_150' title='bbox 397 2387 418 2477; x_wconf 81' lang='grc' dir='ltr'><em>ἡ</em></span> <span class='ocrx_word' id='word_1_151' title='bbox 439 2390 476 2459; x_wconf 80' lang='grc' dir='ltr'><strong><em>δέ</em></strong></span> <span class='ocrx_word' id='word_1_152' title='bbox 498 2392 596 2471; x_wconf 87' lang='grc' dir='ltr'><strong><em>πόλις</em></strong></span> <span class='ocrx_word' id='word_1_153' title='bbox 614 2388 726 2460; x_wconf 75' lang='grc' dir='ltr'><strong><em>αὐτῶν</em></strong></span> <span class='ocrx_word' id='word_1_154' title='bbox 751 2395 999 2479; x_wconf 76' lang='grc' dir='ltr'><strong><em>διαρπασθεῖσα</em></strong></span> <span class='ocrx_word' id='word_1_155' title='bbox 1020 2389 1088 2462; x_wconf 79' lang='grc' dir='ltr'><strong><em>ὑπὸ</em></strong></span> <span class='ocrx_word' id='word_1_156' title='bbox 1106 2396 1174 2461; x_wconf 77' lang='grc' dir='ltr'><strong><em>τῶν</em></strong></span> 
     </span>
     <span class='ocr_line' id='line_1_22' title="bbox 122 2491 1216 2586; baseline 0.003 -27"><span class='ocrx_word' id='word_1_157' title='bbox 122 2495 410 2582; x_wconf 74' lang='grc' dir='ltr'><strong><em>Ἰκεκρατήκότων</em></strong></span> <span class='ocrx_word' id='word_1_158' title='bbox 438 2496 639 2584; x_wconf 85' lang='grc' dir='ltr'><strong><em>ἐνεπρήσθη.</em></strong></span> <span class='ocrx_word' id='word_1_159' title='bbox 684 2495 737 2584; x_wconf 86' lang='grc' dir='ltr'><strong><em>ἐφ’</em></strong></span> <span class='ocrx_word' id='word_1_160' title='bbox 768 2491 818 2577; x_wconf 85' lang='grc' dir='ltr'><strong><em>οἷς</em></strong></span> <span class='ocrx_word' id='word_1_161' title='bbox 848 2501 883 2566; x_wconf 88' lang='grc' dir='ltr'><strong><em>οί</em></strong></span> <span class='ocrx_word' id='word_1_162' title='bbox 908 2503 1051 2567; x_wconf 79' lang='grc' dir='ltr'><strong><em>Λατῖνοι</em></strong></span> <span class='ocrx_word' id='word_1_163' title='bbox 1078 2506 1216 2586; x_wconf 71' lang='grc' dir='ltr'><strong><em>χαλε-549</em></strong></span> 
     </span>
     <span class='ocr_line' id='line_1_23' title="bbox 159 2602 1173 2695; baseline 0.004 -25"><span class='ocrx_word' id='word_1_164' title='bbox 159 2605 229 2682; x_wconf 81' lang='grc' dir='ltr'><strong><em>πῶς</em></strong></span> <span class='ocrx_word' id='word_1_165' title='bbox 260 2604 421 2691; x_wconf 80' lang='grc' dir='ltr'><strong><em>φέροντες</em></strong></span> <span class='ocrx_word' id='word_1_166' title='bbox 453 2606 661 2690; x_wconf 80' lang='grc' dir='ltr'><strong><em>ἐψηφίσαντο</em></strong></span> <span class='ocrx_word' id='word_1_167' title='bbox 694 2609 793 2694; x_wconf 81' lang='grc' dir='ltr'><strong><em>κοινή</em></strong></span> <span class='ocrx_word' id='word_1_168' title='bbox 825 2602 985 2695; x_wconf 84' lang='grc' dir='ltr'><strong><em>στρατιάν</em></strong></span> <span class='ocrx_word' id='word_1_169' title='bbox 1017 2607 1072 2674; x_wconf 80' lang='grc' dir='ltr'><strong><em>ἐπὶ</em></strong></span> <span class='ocrx_word' id='word_1_170' title='bbox 1098 2603 1173 2674; x_wconf 84' lang='grc' dir='ltr'><strong><em>Ῥοι-</em></strong></span> 
     </span>
     <span class='ocr_line' id='line_1_24' title="bbox 161 2710 1173 2799; baseline 0.006 -23"><span class='ocrx_word' id='word_1_171' title='bbox 161 2715 282 2796; x_wconf 91' lang='grc' dir='ltr'><strong><em>μαίους</em></strong></span> <span class='ocrx_word' id='word_1_172' title='bbox 309 2711 482 2796; x_wconf 81' lang='grc' dir='ltr'><strong><em>ἐξαγαγεῖν</em></strong></span> <span class='ocrx_word' id='word_1_173' title='bbox 514 2710 570 2778; x_wconf 81' lang='grc' dir='ltr'><strong><em>καὶ</em></strong></span> <span class='ocrx_word' id='word_1_174' title='bbox 596 2710 931 2798; x_wconf 85' lang='grc' dir='ltr'><strong><em>παρασκευασάμενοι</em></strong></span> <span class='ocrx_word' id='word_1_175' title='bbox 957 2710 1088 2799; x_wconf 82' lang='grc' dir='ltr'><strong><em>πολλὴν</em></strong></span> <span class='ocrx_word' id='word_1_176' title='bbox 1117 2711 1173 2782; x_wconf 89' lang='grc' dir='ltr'><strong><em>δύ-</em></strong></span> 
     </span>
     <span class='ocr_line' id='line_1_25' title="bbox 161 2815 1172 2907; baseline 0.008 -26"><span class='ocrx_word' id='word_1_177' title='bbox 161 2841 264 2901; x_wconf 91' lang='grc' dir='ltr'><strong><em>ναμιν</em></strong></span> <span class='ocrx_word' id='word_1_178' title='bbox 291 2821 339 2895; x_wconf 88' lang='grc' dir='ltr'><strong><em>είς</em></strong></span> <span class='ocrx_word' id='word_1_179' title='bbox 368 2815 431 2903; x_wconf 84' lang='grc' dir='ltr'><strong><em>τήν</em></strong></span> <span class='ocrx_word' id='word_1_180' title='bbox 458 2821 638 2905; x_wconf 89' lang='grc' dir='ltr'><strong><em>κρατίστην</em></strong></span> <span class='ocrx_word' id='word_1_181' title='bbox 661 2817 775 2907; x_wconf 83' lang='grc' dir='ltr'><strong><em>χάραν</em></strong></span> <span class='ocrx_word' id='word_1_182' title='bbox 798 2815 911 2887; x_wconf 77' lang='grc' dir='ltr'><strong><em>αὐτῶν</em></strong></span> <span class='ocrx_word' id='word_1_183' title='bbox 934 2819 1114 2906; x_wconf 79' lang='grc' dir='ltr'><strong><em>ἐνέβαλον,</em></strong></span> <span class='ocrx_word' id='word_1_184' title='bbox 1141 2821 1172 2901; x_wconf 84' lang='grc' dir='ltr'><strong><em>ἐξ</em></strong></span> 
     </span>
     <span class='ocr_line' id='line_1_26' title="bbox 121 2911 1172 3012; baseline 0.01 -28"><span class='ocrx_word' id='word_1_185' title='bbox 121 2942 147 2984; x_wconf 79' lang='grc' dir='ltr'><strong><em>ω</em></strong></span> <span class='ocrx_word' id='word_1_186' title='bbox 161 2911 202 3006; x_wconf 79' lang='grc' dir='ltr'><strong><em>ἧς</em></strong></span> <span class='ocrx_word' id='word_1_187' title='bbox 224 2920 454 3008; x_wconf 83' lang='grc' dir='ltr'><strong><em>αίχμαλάτους</em></strong></span> <span class='ocrx_word' id='word_1_188' title='bbox 476 2950 512 2992; x_wconf 90' lang='grc' dir='ltr'><strong><em>τε</em></strong></span> <span class='ocrx_word' id='word_1_189' title='bbox 534 2921 680 3003; x_wconf 86' lang='grc' dir='ltr'><strong><em>πολλοὺς</em></strong></span> <span class='ocrx_word' id='word_1_190' title='bbox 703 2921 878 3010; x_wconf 77' lang='grc' dir='ltr'><strong><em>ἀπήγαγον</em></strong></span> <span class='ocrx_word' id='word_1_191' title='bbox 906 2924 964 2992; x_wconf 78' lang='grc' dir='ltr'><strong><em>καί</em></strong></span> <span class='ocrx_word' id='word_1_192' title='bbox 992 2930 1085 3006; x_wconf 90' lang='grc' dir='ltr'><strong><em>λείας</em></strong></span> <span class='ocrx_word' id='word_1_193' title='bbox 1107 2928 1172 3012; x_wconf 82' lang='grc' dir='ltr'><strong><em>ἐγί-</em></strong></span> 
     </span>
     <span class='ocr_line' id='line_1_27' title="bbox 160 3026 1172 3120; baseline 0.007 -26"><span class='ocrx_word' id='word_1_194' title='bbox 160 3053 263 3095; x_wconf 92' lang='grc' dir='ltr'><strong><em>νοντο</em></strong></span> <span class='ocrx_word' id='word_1_195' title='bbox 283 3026 428 3115; x_wconf 90' lang='grc' dir='ltr'><strong><em>μεγάλης</em></strong></span> <span class='ocrx_word' id='word_1_196' title='bbox 444 3028 565 3119; x_wconf 89' lang='grc' dir='ltr'><strong><em>κύριοι.</em></strong></span> <span class='ocrx_word' id='word_1_197' title='bbox 606 3026 764 3116; x_wconf 80' lang='grc' dir='ltr'><strong><em>βασιλεὺς</em></strong></span> <span class='ocrx_word' id='word_1_198' title='bbox 787 3028 826 3098; x_wconf 73' lang='grc' dir='ltr'><strong><em>δὲ</em></strong></span> <span class='ocrx_word' id='word_1_199' title='bbox 848 3029 1037 3120; x_wconf 86' lang='grc' dir='ltr'><strong><em>Ταρκύνιος</em></strong></span> <span class='ocrx_word' id='word_1_200' title='bbox 1054 3034 1172 3120; x_wconf 77' lang='grc' dir='ltr'><strong><em>ἐξῆλθε</em></strong></span> 
     </span>
    </p>
   </div>
   <div class='ocr_carea' id='block_1_3' title="bbox 232 3183 1172 3314">
    <p class='ocr_par' dir='ltr' id='par_1_3' title="bbox 232 3183 1172 3314">
     <span class='ocr_line' id='line_1_28' title="bbox 232 3183 1172 3314; baseline 0.006 -72"><span class='ocrx_word' id='word_1_201' title='bbox 232 3194 249 3242; x_wconf 87' lang='grc'>4</span> <span class='ocrx_word' id='word_1_202' title='bbox 272 3184 343 3256; x_wconf 85' lang='grc' dir='ltr'><strong><em>πρὸς</em></strong></span> <span class='ocrx_word' id='word_1_203' title='bbox 366 3183 443 3314; x_wconf 50' lang='grc' dir='ltr'><strong><em>αύτῧ</em></strong></span> <span class='ocrx_word' id='word_1_204' title='bbox 462 3185 717 3258; x_wconf 79' lang='grc' dir='ltr'><strong><em>στρατοπεδεύεται</em></strong></span> <span class='ocrx_word' id='word_1_205' title='bbox 739 3189 773 3258; x_wconf 80' lang='grc' dir='ltr'><strong><em>τῇ</em></strong></span> <span class='ocrx_word' id='word_1_206' title='bbox 795 3184 878 3245; x_wconf 84' lang='grc' dir='ltr'><strong><em>πόλει</em></strong></span> <span class='ocrx_word' id='word_1_207' title='bbox 900 3206 924 3246; x_wconf 89' lang='grc' dir='ltr'><strong><em>ο.</em></strong></span> <span class='ocrx_word' id='word_1_208' title='bbox 946 3190 1105 3262; x_wconf 76' lang='lat' dir='ltr'><strong>Kiessling,</strong></span> <span class='ocrx_word' id='word_1_209' title='bbox 1127 3212 1172 3248; x_wconf 84' lang='grc' dir='ltr'><strong><em>το·</em></strong></span> 
     </span>
    </p>
   </div>
   <div class='ocr_carea' id='block_1_4' title="bbox 162 3254 1172 3542">
    <p class='ocr_par' dir='ltr' id='par_1_4' title="bbox 162 3254 1172 3542">
     <span class='ocr_line' id='line_1_29' title="bbox 162 3254 393 3327; baseline 0 -13"><span class='ocrx_word' id='word_1_210' title='bbox 162 3254 276 3327; x_wconf 87' lang='grc' dir='ltr'><strong><em>ρεύεται</em></strong></span> <span class='ocrx_word' id='word_1_211' title='bbox 304 3257 393 3314; x_wconf 78' lang='lat' dir='ltr'>Cobet</span> 
     </span>
     <span class='ocr_line' id='line_1_30' title="bbox 164 3325 1172 3400; baseline 0.006 -15"><span class='ocrx_word' id='word_1_212' title='bbox 164 3337 197 3385; x_wconf 90' lang='lat'><strong><em>10</em></strong></span> <span class='ocrx_word' id='word_1_213' title='bbox 224 3325 422 3400; x_wconf 88' lang='grc' dir='ltr'><strong><em>κορνικολάνοι</em></strong></span> <span class='ocrx_word' id='word_1_214' title='bbox 449 3331 522 3400; x_wconf 84' lang='grc' dir='ltr'><strong><em>ΑΒΙ</em></strong></span> <span class='ocrx_word' id='word_1_215' title='bbox 542 3325 658 3400; x_wconf 85' lang='grc' dir='ltr'><strong><em>ἀνεῖχον</em></strong></span> <span class='ocrx_word' id='word_1_216' title='bbox 684 3332 707 3385; x_wconf 86' lang='grc' dir='ltr'><strong>Α</strong></span> <span class='ocrx_word' id='word_1_217' title='bbox 735 3347 790 3386; x_wconf 89' lang='lat' dir='ltr'><strong><em>om.</em></strong></span> <span class='ocrx_word' id='word_1_218' title='bbox 818 3332 841 3386; x_wconf 93' lang='lat' dir='ltr'><strong>B</strong></span> <span class='ocrx_word' id='word_1_219' title='bbox 928 3337 960 3388; x_wconf 92' lang='lat'><strong><em>11</em></strong></span> <span class='ocrx_word' id='word_1_220' title='bbox 989 3333 1041 3389; x_wconf 78' lang='grc' dir='ltr'><strong><em>καὶ</em></strong></span> <span class='ocrx_word' id='word_1_221' title='bbox 1066 3351 1123 3391; x_wconf 82' lang='lat' dir='ltr'><strong><em>om.</em></strong></span> <span class='ocrx_word' id='word_1_222' title='bbox 1149 3337 1172 3390; x_wconf 79' lang='lat' dir='ltr'>A</span> 
     </span>
     <span class='ocr_line' id='line_1_31' title="bbox 164 3397 1172 3473; baseline 0.005 -17"><span class='ocrx_word' id='word_1_223' title='bbox 164 3408 196 3456; x_wconf 79' lang='lat'><strong><em>12</em></strong></span> <span class='ocrx_word' id='word_1_224' title='bbox 217 3398 327 3455; x_wconf 79' lang='grc' dir='ltr'><strong><em>ἔδωκαν</em></strong></span> <span class='ocrx_word' id='word_1_225' title='bbox 345 3403 371 3457; x_wconf 89' lang='lat' dir='ltr'><strong>R</strong></span> <span class='ocrx_word' id='word_1_226' title='bbox 390 3400 534 3457; x_wconf 89' lang='grc' dir='ltr'><strong><em>ἐδοσανΒ</em></strong></span> <span class='ocrx_word' id='word_1_227' title='bbox 612 3408 645 3456; x_wconf 84' lang='grc'><strong><em>16</em></strong></span> <span class='ocrx_word' id='word_1_228' title='bbox 664 3399 738 3458; x_wconf 79' lang='grc' dir='ltr'><strong><em>κατὰ</em></strong></span> <span class='ocrx_word' id='word_1_229' title='bbox 760 3397 863 3473; x_wconf 87' lang='grc' dir='ltr'><strong><em>κράτος</em></strong></span> <span class='ocrx_word' id='word_1_230' title='bbox 885 3403 983 3462; x_wconf 83' lang='lat' dir='ltr'><strong>om.R</strong></span> <span class='ocrx_word' id='word_1_231' title='bbox 1060 3412 1095 3461; x_wconf 79' lang='lat'><strong><em>21</em></strong></span> <span class='ocrx_word' id='word_1_232' title='bbox 1116 3402 1172 3462; x_wconf 80' lang='grc' dir='ltr'><strong><em>ἐνε·</em></strong></span> 
     </span>
     <span class='ocr_line' id='line_1_32' title="bbox 162 3464 813 3542; baseline 0.003 -16"><span class='ocrx_word' id='word_1_233' title='bbox 162 3473 269 3540; x_wconf 85' lang='grc' dir='ltr'><strong><em>πρίσθη</em></strong></span> <span class='ocrx_word' id='word_1_234' title='bbox 287 3467 400 3542; x_wconf 68' lang='grc' dir='ltr'><strong><em>Αήέφ’</em></strong></span> <span class='ocrx_word' id='word_1_235' title='bbox 420 3464 456 3542; x_wconf 86' lang='grc' dir='ltr'><strong><em>ής</em></strong></span> <span class='ocrx_word' id='word_1_236' title='bbox 473 3474 499 3528; x_wconf 86' lang='grc' dir='ltr'><strong>Α</strong></span> <span class='ocrx_word' id='word_1_237' title='bbox 570 3478 604 3528; x_wconf 78' lang='lat'><strong><em>25</em></strong></span> <span class='ocrx_word' id='word_1_238' title='bbox 623 3492 652 3527; x_wconf 88' lang='grc' dir='ltr'><strong><em>τε</em></strong></span> <span class='ocrx_word' id='word_1_239' title='bbox 673 3473 696 3526; x_wconf 94' lang='grc' dir='ltr'>Β</span> <span class='ocrx_word' id='word_1_240' title='bbox 714 3475 813 3530; x_wconf 89' lang='lat' dir='ltr'><strong>om.R</strong></span> 
     </span>
    </p>
   </div>
   <div class='ocr_carea' id='block_1_5' title="bbox 446 3257 1171 3332">
    <p class='ocr_par' dir='ltr' id='par_1_5' title="bbox 446 3257 1171 3332">
     <span class='ocr_line' id='line_1_33' title="bbox 446 3257 1171 3332; baseline 0.006 -18"><span class='ocrx_word' id='word_1_241' title='bbox 446 3259 486 3315; x_wconf 83' lang='lat' dir='ltr'><strong><em>bs.</em></strong></span> <span class='ocrx_word' id='word_1_242' title='bbox 519 3279 555 3330; x_wconf 44' lang='lat' dir='ltr'><strong><em>ps</em></strong></span> <span class='ocrx_word' id='word_1_243' title='bbox 571 3266 605 3314; x_wconf 77' lang='lat'><strong><em>&#39;10</em></strong></span> <span class='ocrx_word' id='word_1_244' title='bbox 696 3267 711 3315; x_wconf 78' lang='lat'>7</span> <span class='ocrx_word' id='word_1_245' title='bbox 739 3257 926 3330; x_wconf 85' lang='grc' dir='ltr'><strong><em>πανταχόθεν</em></strong></span> <span class='ocrx_word' id='word_1_246' title='bbox 956 3261 979 3319; x_wconf 90' lang='grc'><strong>0</strong></span> <span class='ocrx_word' id='word_1_247' title='bbox 1011 3265 1127 3332; x_wconf 73' lang='lat' dir='ltr'><strong>praeter</strong></span> <span class='ocrx_word' id='word_1_248' title='bbox 1151 3264 1171 3318; x_wconf 91' lang='lat' dir='ltr'><strong>B</strong></span> 
     </span>
    </p>
   </div>
   <div class='ocr_carea' id='block_1_6' title="bbox 0 0 1235 3916">
    <p class='ocr_par' dir='ltr' id='par_1_6' title="bbox 0 0 1235 3916">
     <span class='ocr_line' id='line_1_34' title="bbox 0 0 1235 3916; baseline 0 0"><span class='ocrx_word' id='word_1_249' title='bbox 0 0 1235 3916; x_wconf 95' lang='lat' dir='ltr'><strong><em> </em></strong></span> 
     </span>
    </p>
   </div>
  </div>
 </body>
</html>
