2438 3908
481 217 646 268 ..Γ-

55 390 179 450 σαντος
202 372 333 438 ἐκείνου
354 374 414 459 τής
436 377 607 457 βασιλείας
628 370 694 442 ὑπὸ
713 376 850 442 πάντων
868 371 961 455 άξιος
984 376 1069 463 ἐκρί-

54 485 113 562 θη.
159 475 273 563 ἐπειδή
306 477 344 545 δὲ
376 480 541 565 παρέλαβε
578 477 639 566 τήν
676 478 800 567 άρχήν,
835 485 970 568 πρῶτον
1007 480 1069 568 μὲν

55 584 239 671 ἐπολέμησε
275 596 345 664 τοῖς
381 587 601 672 καλουμένοις
630 583 840 666 Ἀπιολανοῖς
876 585 972 656 πόλει
1008 591 1069 656 τοῦ

25 766 29 771 ,
56 695 214 758 Λατίνων
238 695 363 770 ἔθνους
391 687 453 759 ούκ
475 687 609 778 άφανεϊ.
655 695 689 760 οί
714 691 778 780 γάρ
798 690 990 762 Ἀπιολανοὶ
1013 695 1069 762 καὶ
1088 695 1109 759 2

15 841 17 845 .
55 799 92 864 ολ
118 795 215 865 άλλοι
245 796 432 884 σύμπαντες
460 806 602 867 Λατῖνοι
634 797 714 886 μετὰ
742 797 804 868 τὸν
821 797 948 885 ’Ἀγκου
971 809 1096 887 Moto-⁵

54 909 133 970 κίου
155 901 309 972 θάνατον
332 903 496 973 λελύσθαι
524 903 583 984 τὰς
604 906 680 990 περὶ
706 910 766 992 τῆς
788 906 925 994 εἰρήνης
948 903 1069 994 ὁμολο-

55 1015 131 1096 γίας
163 1009 314 1098 οίόμευοι
345 1015 512 1100 ληστείαις
541 1039 578 1080 τε
604 1012 661 1080 καὶ
688 1027 876 1100 προνομαῖς
905 1010 968 1099 τήν
991 1011 1069 1081 Ῥω-

54 1122 165 1203 μαίων
192 1120 257 1204 γήν
285 1117 471 1206 ἐπόρθουν·
508 1115 589 1186 ἄνθ’
621 1110 670 1187 ὧν
701 1119 958 1208 τιμωρήσασθαι
989 1125 1069 1206 βον-

55 1222 199 1310 λάμενος
239 1220 360 1304 αύτούς
401 1221 420 1293 ὁ
461 1224 648 1311 Ταρκύνιος
692 1225 923 1313 ἐξεστράτευσε
963 1229 1069 1314 πολλή

55 1329 199 1416 δυνάμει
221 1329 277 1398 καὶ
305 1333 363 1417 τής
390 1334 452 1418 γής
478 1329 591 1400 αὐτῶν
617 1329 681 1418 τήν
703 1336 883 1418 κρατίστην
907 1331 1067 1421 ἐδῄωσεν·
1082 1356 1109 1395 10

10 1433 269 1524 544άφικομένης
293 1433 324 1503 δ’
344 1439 382 1505 έκ
403 1440 472 1506 τῶν
494 1437 736 1525 πλησιοχώρων
756 1443 914 1506 Λατίνων
937 1440 1068 1507 έπικου-
1088 1436 1109 1500 3

55 1548 131 1631 ρίας
162 1542 307 1631 μεγάλης
337 1557 408 1624 τοῖς
436 1542 647 1623 Ἀπιολανοῖς
681 1542 793 1624 διττάς
824 1549 953 1641 τίθεται
986 1542 1070 1630 πρὸς

56 1647 180 1730 αύτούς
206 1648 327 1737 μάχας,
353 1650 520 1737 κρατήσας
547 1649 579 1719 δ’
610 1653 648 1719 έν
676 1647 881 1740 ἀμφοτέραις
908 1651 984 1738 περὶ
1007 1648 1069 1737 τήν

54 1761 253 1844 πολιορκίαν
275 1762 334 1843 τῆς
356 1756 484 1837 πόλεως
511 1759 638 1842 ἐγίνετο
664 1758 721 1825 καὶ
743 1761 891 1845 προσήγε
912 1771 983 1836 τοῖς
1006 1761 1069 1824 τεί-

54 1882 126 1950 χεσι
148 1861 206 1944 τὰς
230 1862 389 1951 δυνάμεις
417 1864 453 1931 ἐκ
476 1867 648 1950 διαδοχῆς·
677 1867 713 1932 ολ
739 1862 772 1931 δ’
798 1866 834 1932 έκ
856 1868 916 1951 τής
941 1862 1070 1942 πόλεως
1084 1885 1107 1926 ω

56 1967 166 2056 ὀλίγοι
184 1996 219 2038 τε
236 1968 318 2056 πρὸς
332 1968 479 2050 πολλοὺς
493 1969 676 2056 μαχόμενοι
694 1971 750 2038 καὶ
768 1968 840 2039 κατ’
858 1969 982 2039 οὐδένα
1000 1997 1071 2038 και-

55 2074 120 2163 ρὸν
143 2074 362 2156 ἀναπαύσεως
383 2074 606 2163 τυγχάνοντες
627 2077 837 2165 ἐξῃρέθησαν
861 2074 925 2144 σὺν
948 2076 1071 2167 χρόνφ.

54 2181 204 2270 ἁλούσης
231 2182 269 2252 δὲ
295 2180 377 2251 κατά
403 2182 525 2269 κράτος
549 2186 609 2270 τής
635 2183 763 2262 πόλεως
789 2186 826 2250 οί
850 2182 912 2269 μὲν
935 2187 1071 2263 πλείους

54 2294 125 2357 των
145 2288 354 2358 Ἀπιολανῶν
381 2288 566 2376 μαχόμενοι
592 2287 867 2375 κατεσφάγησαν,
895 2286 1003 2372 ὀλίγοι
1033 2288 1070 2356 δὲ

55 2393 97 2464 τά
121 2394 208 2464 ὅπλα
229 2395 438 2484 παραδόντες
460 2394 527 2484 ἅμα
554 2409 625 2476 τοῖς
647 2393 762 2474 άλλοις
784 2393 949 2482 λαφύροις
971 2394 1070 2476 ἐπρά-
1084 2416 1110 2456 το

56 2511 187 2588 θησαν,
218 2504 336 2582 παῖδές
366 2528 402 2571 τε
438 2500 550 2570 αὐτῶν
586 2501 642 2569 καὶ
673 2513 830 2586 γυναῖκες
865 2497 1070 2586 άνδραποδι-

56 2611 198 2690 σθέντες
220 2605 287 2677 ὑπὸ
305 2605 479 2697 Ῥωμαίων
497 2607 711 2695 ἀπήχθησαν,
732 2608 788 2675 καὶ
813 2603 834 2692 ή
857 2604 954 2686 πόλις
977 2611 1070 2693 διαρ-

56 2724 226 2784 πασθεῖσα
254 2714 456 2802 ἐνεπρήσθη.
505 2718 609 2783 ταῦτα
636 2712 903 2803 διαπραξάμενος
931 2709 949 2782 ὁ
976 2717 1111 2799 βασι-4

56 2819 135 2902 λεδς
161 2821 218 2889 καὶ
246 2818 285 2890 τὸ
312 2835 419 2910 τεῖχος
451 2823 488 2890 ἐκ
517 2825 686 2909 θεμελίων
718 2818 933 2900 κατασκάψας
964 2817 1071 2907 άπήγε

56 2926 121 3014 τήν
144 2927 293 3014 δύναμιν
317 2926 366 2995 ἐπ’
393 2936 489 2997 οίκου
516 2928 572 2996 καὶ
599 2924 680 3014 μετά
707 2923 807 2994 τοῦθ’
834 2927 950 3014 ἑτέραν
973 2945 1070 3013 στρα-
1085 2947 1111 2988 25

56 3032 132 3103 τιάν
160 3026 242 3121 ήγεν
271 3034 323 3102 ἐπὶ
350 3032 413 3120 τήν
436 3037 742 3121 Κρουστομερίνων
770 3032 880 3100 πόλιν.
924 3032 1008 3119 αὕτη
1034 3032 1071 3100 δὲ

130 3273 147 3319 3
162 3260 328 3327 άπιολάνοις
343 3264 365 3319 0
381 3266 413 3323 et,
423 3266 463 3320 sio
477 3281 595 3335 semper,
609 3280 679 3319 corr.
691 3261 832 3332 Kiessling
886 3269 921 3317 λθ
936 3257 989 3318 έπό
1000 3304 1007 3317 .
1017 3266 1070 3331 θη-

58 3356 112 3392 σαν
131 3337 153 3389 Β
209 3342 243 3390 26
261 3328 331 3405 ήγεν
349 3335 492 3406 Kiessling
509 3331 621 3405 άπήγεν
636 3335 658 3390 0
674 3333 709 3390 cf.
724 3333 846 3390 Sintenis
859 3333 920 3388 Em.
935 3333 1016 3389 Dion.
1032 3333 1071 3388 111

57 3428 86 3478 p.
106 3414 149 3474 23,
169 3408 259 3463 Cobet
273 3406 339 3461 Obs.
353 3425 381 3477 p.
396 3412 431 3461 70
447 3407 452 3475 Ι
468 3405 708 3478 κρονστομερινῶν
727 3405 803 3460 BaR
820 3405 1071 3475 κρονστομερηνῶν

57 3480 106 3534 Bb
124 3481 153 3534 et
172 3478 212 3532 sic
231 3494 341 3549 semper
