2454 3916
575 212 740 266 -B-

152 371 189 441 δὲ
213 374 350 451 Γέλλιος
378 368 463 440 κατὰ
490 369 551 440 τὸν
579 371 751 458 τέταρτον·
785 366 882 438 ὃκαλ
911 374 1043 458 μᾶλλον
1071 371 1176 452 εἰκός.

151 481 232 549 νέον
256 476 320 565 γάρ
349 479 555 566 οἰκιζομένης
581 477 710 557 πόλεως
736 473 888 565 ἡγεμόνα
915 477 996 567 πρὶν
1024 473 1046 564 ἡ
1069 504 1174 547 κατα-

153 585 342 673 στήσασθαι
369 583 431 673 τήν
458 589 630 655 πολιτείαν
660 589 746 676 ἔργῳ
773 582 957 675 τηλικούτῳ
987 585 1174 673 ἐπιχειρεῖν

154 689 215 760 ούκ
239 696 305 778 ἔχει
328 690 441 778 λόγον.
485 695 545 777 τής
573 690 611 758 δὲ
638 687 789 778 ἀρπαγής
814 688 877 777 τήν
905 694 1017 759 αἰτίαν
1048 693 1087 758 οί
1108 690 1175 779 μὲν

111 827 124 868 ε
153 804 201 879 είς
224 799 348 867 σπάνιν
371 801 543 885 γυναικῶν
562 795 803 885 ἀναφέρουσιν,
828 800 863 866 οί
885 795 917 865 δ’
937 802 985 877 είς
1008 795 1174 886 ἀφορμήν

153 908 315 993 πολέμου,
340 907 376 972 οί
397 903 434 972 δέ
456 902 496 972 τά
519 898 737 972 πιθανώτατα
764 903 969 991 γράφοντες,
998 897 1049 984 οἷς
1071 901 1222 990 κάγῶοοε

154 1013 418 1098 συγκατεθέμην,
438 1015 485 1090 είς
495 1009 540 1078 ’τὸ
560 1009 710 1091 συνάψαι
729 1009 894 1097 φιλότητα
912 1008 997 1100 πρὸς
1013 1008 1074 1091 τὰς
1088 1019 1173 1098 πλη-

118 1120 140 1185 2
155 1117 341 1204 σιοχοόρους
358 1115 471 1197 πόλεις
490 1115 685 1202 ἀναγκαίαν.
700 1115 788 1203 ἡτὴν
813 1116 851 1185 δέ
870 1117 944 1186 τότε
963 1115 1029 1186 ὑπὸ
1043 1114 1173 1206 Ῥωμύ-

154 1231 218 1291 λου
236 1232 508 1311 καθιερωθεῖσαν
520 1220 648 1310 ’ἑορτήν
669 1227 715 1291 ἐτι
734 1225 790 1291 καλ
804 1228 852 1304 είς
871 1223 927 1310 ἐμὲ
941 1221 1083 1310 άγοντες
1092 1222 1173 1293 Ῥω-

115 1349 141 1389 1⁰
155 1344 247 1419 μαίοι
273 1332 445 1401 διετέλουν
469 1329 697 1398 Κωνσουάλια
718 1333 916 1415 καλοῦντες,
940 1330 976 1399 έν
1005 1322 1026 1419 ἡ
1054 1332 1173 1419 βωμός

154 1464 189 1506 τε
217 1435 374 1524 ὑπόγειος
402 1439 582 1524 ἱδρυμένος
609 1433 699 1523 παρὰ
726 1440 772 1528 τῷ
802 1442 945 1528 μεγίστῳ
972 1441 1041 1505 τῶν
1073 1441 1172 1507 ίκττο-

156 1542 293 1631 δρόμων
316 1549 576 1631 περισκαφείσης
603 1546 662 1630 τής
684 1546 745 1629 γὴς
772 1549 911 1624 θυσίαις
933 1544 1046 1613 τεκαὶ
1069 1541 1173 1634 ὑπερ-

154 1650 276 1739 πύροις
320 1649 483 1738 ἀπαρχαῖς
528 1655 736 1739 γεραίρεται,
782 1651 838 1718 καλ
885 1649 1012 1738 δρόμος
1057 1653 1173 1721 ἵππων

156 1761 299 1840 ζευκτῶν
327 1782 361 1824 τε
388 1757 443 1824 καὶ
474 1754 639 1843 ἀζεύκτων
669 1759 871 1826 ἐπιτελεῖται.
916 1766 1065 1826 καλεῖται
1090 1757 1174 1828 δέό

117 1880 142 1922 1⁶
156 1862 253 1949 θεός,
276 1853 302 1954 ᾦ
326 1860 418 1931 ταῦτ’
445 1864 642 1957 ἐπιτελοῦσι,
666 1868 809 1943 Κῶνσος
832 1861 896 1933 ὑπὸ
916 1861 1107 1953 Ῥωμαίων,
1132 1862 1175 1934 δν

156 1969 433 2057 ἐξερμηνεύοντες
455 1973 503 2049 είς
525 1968 587 2056 τὴν
612 1968 776 2058 ἡμετέραν
793 1975 950 2058 γλῶτταν
968 1976 1175 2042 Ποσειδῶνα

157 2075 355 2163 σεισίχθονά
380 2095 485 2163 φασιν
509 2074 601 2146 εἷναί
620 2105 709 2159 τινες
735 2080 790 2146 καὶ
820 2077 877 2146 διά
899 2083 999 2148 τούτο
1023 2077 1175 2171 ὑπογείῳ

156 2187 354 2270 τετιμῆσθαι
376 2187 478 2275 βωμῳ
502 2185 673 2270 λέγουσιν,
697 2182 747 2253 ότι
766 2182 828 2271 τήν
846 2187 914 2271 γῆν
933 2181 952 2252 δ
972 2183 1055 2265 θεὸς
1074 2177 1176 2267 οὗτος

122 2285 342 2379 3έχει.ἡέγά
366 2289 404 2358 δέ
425 2292 480 2360 καὶ
506 2293 620 2379 ἕτερον
645 2289 721 2359 οἶδα
743 2290 848 2377 λόγον
872 2289 1022 2378 ἀκούων,
1046 2288 1093 2372 ὡς
1115 2296 1175 2380 τής

117 2424 143 2465 εο
157 2397 219 2485 μὲν
243 2398 360 2485 ἑορτῆς
386 2401 430 2490 τῳ
455 2401 648 2467 Ποσειδῶνι
675 2396 842 2484 ἀγομένης
869 2399 1009 2467 καὶτοῦ
1034 2398 1223 2487 δρόμου303

156 2509 225 2574 τῶν
253 2508 364 2573 ἵππιον
392 2504 498 2595 τούτῳ
526 2509 571 2597 τῳ
595 2508 665 2596 θεῷ
694 2507 894 2591 γινομένου,
922 2509 983 2573 τοῦ
1012 2505 1050 2572 δέ
1073 2532 1175 2574 κατα-

157 2616 252 2698 γείου
274 2614 391 2699 βωμού
415 2615 552 2699 δαίμονι
575 2610 708 2702 ἀρρήτῳ
735 2612 803 2679 τινί
826 2609 1070 2698 βουλευμάτων
1093 2640 1175 2702 κρυ-

158 2722 248 2805 φίων
271 2715 412 2804 ἡγεμόνι
435 2718 490 2785 καὶ
515 2716 640 2803 φύλακι
658 2719 991 2797 κατασκευασθέντος
1013 2715 1175 2809 ὕστερον·

158 2825 352 2891 Ποσειδῶνι
375 2820 438 2908 γάρ
462 2820 578 2910 ἀφανή
599 2821 716 2911 βωμὸν
736 2821 907 2911 οὐδαμόθι
930 2827 992 2911 γῆς
1011 2823 1093 2894 οὔθ’
1110 2824 1172 2916 ὑφ’

118 2927 326 3017 ιεἙλλήνων
360 2927 439 2997 οὔθ’
470 2927 534 2998 ύπὸ
566 2930 749 3017 βαρβάρων
781 2934 1029 3020 καθιδρύσθαι·
1066 2931 1106 3002 τό
1140 2932 1173 3001 δ’

158 3033 284 3121 ἀληθὲς
307 3033 397 3115 ὅπως
420 3040 485 3122 έχει
508 3035 654 3122 χαλεπὸν
677 3041 793 3104 εἰπεῖν.

248 3143 383 3210 ΧΧΧΠ.
411 3140 469 3222 Ὡς
499 3142 536 3209 δέ
564 3142 727 3230 διεβοήθη
756 3140 796 3210 τά
822 3143 898 3229 περὶ
926 3140 989 3230 τὴν
1017 3140 1175 3234 ἁρπαγήν

230 3290 247 3339 4
271 3281 329 3354 έχει
346 3283 489 3338 'Bficheler
517 3279 574 3352 εἷχε
599 3284 622 3338 0
700 3290 716 3338 8
739 3284 776 3337 τά
805 3281 923 3355 ῥωμύλω
942 3287 967 3338 Α
1047 3294 1081 3342 10
1106 3309 1176 3343 κων-

159 3351 330 3410 οουάλιαιΒ
413 3359 445 3408 19
475 3351 552 3478 ἔχειὴ
574 3357 643 3408 σείει
672 3372 694 3409 ο.
722 3353 849 3409 Hertlein
877 3355 992 3411 Hermes
1015 3357 1042 3412 X
1069 3376 1098 3429 p.
1123 3366 1174 3414 409

159 3432 193 3481 20
216 3427 267 3481 τού
291 3420 399 3495 δρόμον
426 3425 476 3478 καλ
498 3425 524 3479 Α
634 3431 666 3479 21
686 3426 743 3479 τῶν
767 3423 876 3481 ίππέων
900 3426 932 3494 0,
955 3444 1027 3484 corr.
1052 3429 1177 3501 Sylburg

160 3502 267 3565 198,27
280 3500 416 3565 -201‚8
440 3498 552 3551 exstant
573 3495 603 3550 in
625 3497 737 3552 Nicolai
764 3494 932 3553 Damasceni
955 3498 1063 3569 eclogia
1088 3502 1176 3558 Turo-
