2454 3916
559 212 726 263 ..Γ-

139 374 216 438 σίον
238 367 318 455 όρος
334 371 434 437 τοῦτο
453 366 705 455 κατειλήφασιν,
729 365 839 457 ώσπερ
859 365 969 456 ὁράτε,
993 365 1076 435 κατά
1095 366 1155 446 τὰς

139 473 219 562 ἐμὰς
247 474 398 560 ἐντολάς,
426 477 484 542 ἵνα
511 474 594 545 κατά
621 473 733 542 νώτου
758 472 936 561 γενόμενοι
963 477 1032 543 τών
1057 481 1156 543 πολε-

139 586 227 669 μίων
250 584 388 650 ἐπίωσιν
407 578 530 660 αὐτοῖς.
571 582 824 667 ἐνθυμηθέντες
843 572 906 649 οὖν
928 577 980 649 ὅτι
1004 582 1042 648 ἐν
1063 584 1156 672 καλῷ

139 687 218 769 τοὺς
245 690 424 774 ἐχθίστους
450 685 531 775 ἡμίν
560 691 695 774 ἐχομεν,
719 690 754 756 oc
775 686 838 775 μὲν
861 685 1020 775 άντικρυς
1042 685 1158 756 ἐπιόν-

114 821 209 879 ιτες,
241 797 275 862 ολ
302 794 340 863 δὲ
366 795 522 881 κατόπιν,
557 798 644 862 ἔνθα
677 792 753 863 οὔτε
784 793 899 882 πρόσω
930 807 1053 882 χωρεῖν
1082 791 1154 862 οὔτ’

141 900 246 970 ὀπίσω
280 903 490 989 ἐπιστρέφειν
524 900 709 988 δυνάμενοι
744 905 880 993 ποταμῷ
916 926 952 968 τε
988 901 1045 968 καί
1084 899 1158 989 όρει

141 1010 220 1095 <ἐκ>
250 1011 320 1076 τῶν
355 1013 506 1095 πλαγίων
542 1006 799 1095 ἀποκλειόμενοι
839 1004 946 1095 καλήν
983 1005 1159 1076 δώσουσιν

140 1111 222 1201 ἡμῖν
247 1117 361 1201 δίκην,
384 1122 432 1183 ἴτε
456 1112 520 1184 σὺν
544 1117 651 1203 πολλή
673 1112 923 1201 καταφρονήσει
946 1111 996 1182 ἐπ’
1023 1111 1159 1194 αὐτούς.

230 1221 333 1288 XXV.
372 1224 484 1291 Ταῦτα
511 1218 601 1307 παρά
628 1217 686 1299 τάς
708 1217 816 1309 τάξεις
839 1217 968 1301 ἁπάσας
990 1218 1160 1307 παρεξιών

102 1354 128 1394 ιο
143 1332 244 1414 ἔλεγε,
266 1327 323 1395 καὶ
346 1323 464 1396 αὐτίκα
486 1325 566 1408 τοὺς
594 1326 655 1413 μὲν
682 1329 890 1413 Φιδηναίους
917 1328 994 1406 δέος
1016 1326 1161 1414 είσέρχε-

139 1461 194 1504 ται
216 1435 503 1521 παλινπροδοσίας
531 1430 576 1513 ώς
603 1435 974 1521 κατεστρατηγημένους
1001 1430 1067 1502 ὑπὸ
1096 1438 1161 1502 τοῦ

137 1538 318 1627 Ἀλβανοῦ,
346 1539 416 1606 ἐπεὶ
444 1535 521 1607 οότε
553 1537 897 1627 ἀντιμεταταξάμενον
924 1536 1029 1607 αὐτὸν
1057 1537 1212 1609 είδονλθσ

142 1643 214 1717 οὔτ’
230 1647 282 1715 ἐπὶ
301 1643 380 1724 τοὺς
388 1643 574 1732 Ῥωμαίους
592 1644 698 1726 εὐθὺς
714 1643 819 1714 αὐτὸν
834 1643 1031 1731 ἐλαύνοντα,
1046 1643 1161 1733 ὥσπερ

139 1751 300 1839 ὑπέσχετο
324 1749 448 1837 αὐτοῖς,
469 1751 550 1832 τοὺς
569 1752 607 1820 δέ
623 1749 810 1840 Ῥωμαίους
832 1754 954 1840 ἐπήρεν
973 1756 1022 1833 είς
1044 1748 1160 1822 εότολ-

105 1882 132 1924 15
146 1864 226 1947 μίαν
253 1857 310 1925 καὶ
336 1856 489 1944 θάρσους
516 1861 696 1947 ἐνέπλησεν
725 1856 743 1927 ὁ
767 1857 880 1946 λόγος·
911 1860 967 1927 καλ
997 1860 1082 1946 μέγα
1106 1860 1162 1948 ἐμ-

142 1964 328 2052 βοήσαντες
350 1960 498 2050 ὁρμῶσιν
522 1965 576 2032 ἐπλ
602 1964 681 2046 τοὺς
703 1970 883 2053 πολεμίους
905 1963 1038 2054 άθρόοι.
1084 1993 1163 2053 τρο-

143 2069 189 2159 πή
214 2071 251 2139 δέ
274 2075 401 2157 γίνεται
429 2069 510 2158 μετά
537 2075 638 2141 τοῦτο
665 2075 735 2140 τών
761 2074 957 2158 Φιδηναίων
986 2072 1043 2140 καὶ
1067 2071 1162 2160 φυγή

105 2175 228 2266 2πρὸς
254 2176 316 2264 τήν
343 2176 444 2246 πόλιν
473 2175 628 2266 άκοσμος.
674 2176 692 2246 ὁ
717 2177 755 2247 δὲ
781 2181 850 2247 τών
867 2175 1041 2266 Ῥωμαίων
1066 2185 1164 2265 βασι-

145 2282 221 2364 λεὺς
244 2282 421 2372 ἐπιρράξας
444 2280 558 2364 αὐτοῖς
581 2281 643 2371 τήν
666 2287 770 2353 ἵππου
788 2283 986 2373 περιφόβοις
1009 2278 1086 2353 οὖσι
1106 2289 1163 2355 καὶ

105 2415 132 2456 εο
145 2392 402 2480 τεταραγμένοις
437 2390 493 2458 καὶ
530 2390 626 2479 μέχρι
662 2388 756 2470 τινὸς
788 2389 924 2476 διώξας,
956 2388 1001 2470 ὡς
1033 2397 1162 2480 ἐμαθεν
1211 2468 1217 2477 ,

146 2499 411 2584 ἐσκεδασμένους
429 2494 484 2565 ἀπ’
506 2495 661 2584 άλλήλων
679 2498 735 2565 καὶ
755 2494 832 2565 οὔτε
850 2496 1013 2584 λογισμὸν
1033 2503 1080 2567 ἐτι
1099 2489 1165 2569 τοῦ

146 2608 311 2691 συστῆναι
342 2605 554 2690 ληψομένους
587 2602 664 2672 οότε
699 2603 847 2691 δύναμιν
880 2609 1032 2691 ἔχοντας,
1065 2603 1165 2692 άφελς

39 2706 48 2719 ’
145 2710 225 2792 τοὺς
253 2709 441 2797 φεύγοντας
467 2709 521 2778 ἐπὶ
549 2707 587 2778 τδ
616 2708 819 2797 συνεστηκὸς
845 2714 893 2778 ἐτι
919 2711 975 2778 καὶ
999 2713 1163 2798 διαμένον

146 2821 215 2887 τών
243 2820 411 2904 πολεμίων
439 2815 555 2905 ἐχώρει
584 2818 692 2906 μέρος.
740 2817 796 2884 καλ
823 2822 952 2903 γίνεται
976 2814 1077 2898 καλὸς
1101 2819 1164 2906 μέν

108 2902 203 3032 {nal
227 2921 245 2991 ὁ
267 2927 336 2991 τών
355 2926 461 3004 πεζών
480 2920 585 3010 άγών,
600 2927 653 2991 ’ἐτι
672 2921 710 2992 δὲ
726 2928 874 2991 καλλίων
898 2920 915 2990 δ
936 2925 1005 2991 τών
1027 2925 1165 2995 ίππέων.

149 3028 191 3100 οὐ
212 3026 277 3118 γάρ
301 3030 474 3098 ἐνέκλινον
498 3032 534 3099 οί
553 3033 634 3118 τήδε
660 3030 854 3116 τεταγμένοι
878 3025 1079 3099 Οὐιεντανοὶ
1101 3030 1164 3120 τήν

219 3183 509 3280 λήμώνΒήμῑνΒ
581 3186 649 3245 ven
668 3207 722 3245 om.
740 3183 1166 3278 ΑΒ(λ)Ινεεὶιακαλήνδώ-

149 3279 247 3318 νουσιν
265 3265 335 3348 ημιν
354 3262 437 3330 δίκην
456 3279 510 3317 om.
530 3259 725 3350 ΟφεειελεεΒ
798 3254 896 3315 8άλλ’
911 3258 995 3315 heo
1014 3263 1165 3349 φετιελειΒ

149 3327 328 3402 9παρεξιάν
345 3331 368 3385 Β
387 3327 489 3419 δεξιάν
506 3334 532 3387 R
606 3338 638 3387 13
659 3328 711 3387 οότ
713 3325 918 3418 ’ΒοότεΒιΙ
914 3278 1051 3417 Ιαότδν]
1068 3328 1165 3389 αότώκ

147 3404 195 3459 Ba
214 3420 269 3459 om.
288 3403 313 3458 R
387 3409 420 3458 14
443 3396 553 3471 αότοις,
576 3422 643 3466 τους
665 3400 698 3459 δὲ
721 3400 747 3472 6.
765 3403 788 3456 Β
812 3397 909 3464 αὐτοῖς
931 3401 980 3459 καί
1003 3397 1071 3467 τοός
1096 3400 1121 3474 6.
1140 3406 1166 3460 R

150 3481 185 3531 25
204 3475 326 3529 καλλίων
344 3469 423 3529 καί
411 3496 427 3531 ο
447 3474 469 3529 Ο
489 3475 602 3545 praeter
618 3475 642 3530 Β
715 3479 749 3530 26
769 3469 913 3529 ἐνέκλινον
931 3474 954 3527 Β
974 3469 1163 3532 ένέκλινανΒ
